3390 5298
808 577 1025 638 ..53-

315 749 363 812 llI
385 769 425 812 ex
448 748 625 832 exemplari
657 748 681 810 B
711 748 883 826 fluxerunt,
915 748 948 811 in
980 768 1043 830 quo
1074 747 1147 812 leno
1182 748 1313 830 quidam
1349 749 1512 815 calumnia

315 859 348 917 et
379 851 541 916 malitiosa
570 853 649 916 iuris
672 853 940 935 interpretatione
972 852 1067 935 perit.
1121 850 1318 916 Adulescens
1352 844 1435 917 enim
1469 853 1513 918 ad

315 955 462 1020 lenonem
493 976 620 1020 servum
654 976 746 1019 suurn
779 977 851 1019 curn
874 955 988 1037 viginti
1017 955 1111 1018 minis
1140 954 1241 1020 mittit
1269 962 1443 1039 petentem,
1473 964 1511 1022 ut

315 1059 378 1126 sibi
400 1060 492 1124 locus
514 1059 598 1124 liber
619 1059 827 1142 praebeatur.
874 1059 997 1123 Deinde
1022 1059 1212 1122 adulescens
1241 1058 1389 1125 lenonem
1412 1062 1512 1125 inter·

313 1169 416 1247 rogat,
445 1185 521 1228 num
545 1183 657 1227 servus
681 1184 758 1227 suus
782 1161 824 1226 ad
847 1163 1074 1227 cumvenerit.
1122 1161 1200 1226 (lum
1224 1162 1296 1226 leno
1320 1153 1355 1228 se
1378 1163 1508 1229 adules-

313 1268 416 1332 centis
443 1287 570 1331 servum
602 1267 763 1348 recepisse
787 1272 892 1349 neget,
923 1265 1003 1330 nihil
1027 1265 1146 1344 obstat,
1178 1267 1349 1348 quominus
1376 1272 1510 1350 praetor

316 1376 419 1436 totam
451 1370 605 1434 familiam
637 1369 771 1448 lenonis,
802 1370 879 1452 quia
901 1369 992 1448 „auri
1015 1375 1048 1433 et
1070 1369 1208 1434 hominis
1231 1369 1283 1434 fur
1307 1371 1377 1449 sit“,
1405 1371 1515 1436 iuveni

318 1475 459 1539 addicat.
504 1473 568 1538 Sed
597 1473 752 1538 hocloco
783 1472 864 1538 illud
888 1478 1113 1556 argumentum
1146 1473 1340 1556 relinquitur
1363 1481 1396 1539 et
1419 1475 1512 1539 initio

315 1585 407 1643 actus
435 1578 478 1642 IV
512 1599 628 1642 novum
662 1583 887 1659 argumentum
926 1577 1041 1660 incipit
1071 1577 1104 1640 in
1138 1578 1324 1662 anagnorisi
1357 1579 1509 1662 positum.

316 1682 419 1748 Simili
441 1681 536 1746 modo
552 1680 687 1745 Plautus
710 1681 743 1744 in
766 1680 926 1745 Pseudolo
949 1687 1174 1762 argumentum
1198 1681 1371 1746 fabulaeB
1393 1683 1469 1766 (act.
1487 1683 1512 1761 1,

315 1787 386 1871 ΙΙΙ),
415 1786 448 1849 in
471 1805 534 1867 quo
566 1805 677 1849 servus
705 1786 792 1868 patri
821 1785 1033 1868 necopinanti
1058 1785 1170 1868 viginti
1203 1786 1306 1850 minas
1336 1787 1441 1870 eripit,
1475 1791 1513 1850 ut

315 1889 452 1953 amicam
482 1887 697 1953 adulescentis
729 1888 888 1983 redimere
919 1889 1031 1971 possit,
1065 1889 1173 1954 subito
1206 1888 1306 1954 abicit
1330 1897 1363 1954 et
1392 1911 1511 1954 novum

315 1996 538 2076 argumentum
563 1991 719 2074 sequitur,
736 1993 769 2055 in
786 2013 850 2075 quo
866 2013 985 2071 servus
1001 1992 1108 2056 lenoni
1124 1992 1233 2075 aliquo
1250 1992 1324 2057 dolo
1339 1994 1509 2058 mulierem

315 2096 413 2180 eripit
435 2101 468 2159 et
488 2095 522 2158 in
543 2100 739 2178 potestatem
771 2095 987 2160 adulescentis
1015 2095 1142 2179 redigit.
1188 2098 1259 2175 Qua
1282 2098 1408 2162 ratione
1432 2120 1509 2163 con·

315 2198 494 2264 taminandi
524 2220 721 2282 quamquam
743 2199 896 2266 'fabulam
920 2200 1043 2264 maiore
1063 2200 1172 2283 vigore
1196 2207 1228 2264 et
1250 2201 1410 2266 varietate
1432 2223 1507 2284 per·

197 2380 199 2384 ¹
315 2303 407 2368 fundi
423 2303 536 2386 negari
556 2323 620 2367 non
643 2307 761 2386 potest,
783 2309 894 2367 tamen
918 2304 1118 2368 concinnitas
1135 2303 1267 2368 fabulae
1283 2304 1394 2368 diruta
1408 2310 1509 2387 atque

318 2408 426 2472 deleta
448 2414 506 2471 est.
837 2411 839 2418 ’

384 2538 385 2542 ’
404 2510 508 2574 Aliam
526 2511 683 2594 rationem
701 2500 871 2576 Terentius
888 2516 1018 2576 secutus
1035 2518 1093 2590 est,
1117 2513 1172 2594 qui
1189 2511 1365 2594 exemplari
1381 2512 1510 2576 Graeco

317 2616 429 2679 Anon
461 2620 687 2698 argumentum
710 2635 827 2679 novum
855 2615 881 2677 B
914 2615 954 2679 ab
980 2619 1006 2680 A
1031 2616 1260 2680 alienissimum
1289 2615 1424 2695 addidit,
1449 2616 1512 2680 sed

316 2724 443 2783 tantum
467 2719 633 2802 exemplar
655 2722 680 2782 A
706 2718 867 2783 nonnullis
890 2720 1015 2783 scaenis
1038 2719 1080 2783 ad
1106 2723 1132 2783 A
1155 2719 1393 2803 pertinentibus
1417 2741 1512 2784 exor-

317 2823 415 2887 navit.
460 2823 496 2885 ln
520 2822 642 2886 Andria
673 2823 756 2887 enim
785 2843 844 2905 pro
876 2822 1046 2904 soliloquio
1070 2823 1208 2887 Simonis
1239 2823 1402 2906 dialogum
1425 2824 1512 2888 inter

317 2927 479 2990 Simonem
509 2931 542 2990 et
571 2925 695 2990 Sosiam
724 2925 873 2990 habiturn
904 2925 1081 2990 substituit.
1127 2927 1163 2990 lu
1195 2926 1350 3010 Adelphis
1379 2932 1511 3010 raptum

314 3030 481 3114 psaltriae,
504 3030 560 3113 qui
576 3029 663 3113 apud
680 3030 891 3094 Menandrum
915 3035 1040 3094 tantum
1057 3035 1210 3094 narratus
1227 3036 1285 3108 est,
1307 3031 1340 3093 in
1356 3050 1508 3094 scaenam

315 3134 478 3218 produxit.
532 3134 569 3197 In
598 3133 755 3198 Eunucho
785 3132 929 3212 militem,
964 3133 1054 3198 cuius
1088 3134 1120 3196 in
1152 3133 1322 3198 Menandri
1353 3133 1510 3199 Eunucho

316 3242 443 3302 tantum
462 3238 580 3302 mentio
603 3236 692 3301 facta
716 3243 774 3316 est,
795 3238 828 3300 in
851 3258 1001 3302 scaenam
1024 3235 1152 3301 induxit
1168 3244 1201 3302 et
1216 3258 1275 3320 pro
1292 3259 1383 3302 servo
1399 3238 1512 3302 militis

314 3341 495 3425 parasitum
524 3341 701 3406 substituit.
747 3343 818 3420 Qua
850 3343 976 3405 ratione
1007 3341 1248 3405 contaminandi
1281 3342 1411 3405 minime
1439 3341 1513 3418 fieri

314 3445 430 3528 potuit,
454 3449 491 3509 ut
512 3444 682 3509 Terentius
705 3445 955 3508 concinnitatem
985 3443 1115 3508 fabulae
1139 3444 1292 3509 dirueret.
1338 3445 1511 3510 Terentius

315 3571 335 3613 a
359 3550 487 3614 ratione
503 3547 632 3612 fabulas
656 3547 869 3630 componendi
885 3547 1037 3612 Plautina
1059 3547 1215 3628 discessit,
1239 3548 1326 3630 quod
1349 3549 1511 3613 intellexit

316 3658 415 3734 atque
441 3652 598 3734 cognovit,
623 3655 745 3733 quanta
768 3656 838 3715 arte
862 3649 992 3716 fabulae
1017 3651 1163 3716 Graecae
1189 3657 1374 3716 exstructae
1391 3659 1510 3716 essent.

315 3756 411 3821 Certe
441 3755 527 3839 apud
552 3755 738 3820 Terentium
767 3755 864 3818 etiam
894 3755 1030 3819 multum
1062 3756 1163 3819 valuit
1194 3757 1372 3821 auctoritas
1402 3756 1511 3821 Luscii

206 3905 211 3914 ·
314 3860 475 3924 Lanuvini
504 3866 536 3924 et
567 3880 686 3940 eorum,
717 3859 773 3941 qui
803 3858 932 3923 tabulas
955 3858 1098 3923 Graecas
1128 3861 1272 3941 integras
1303 3861 1335 3923 in
1359 3860 1510 3924 Latinum

318 3963 553 4028 convertendas
569 3983 639 4027 esse
662 3961 888 4026 iudicaverunt
904 3968 937 4026 e't
956 3963 1007 4041 „in
1024 3983 1062 4025 eo
1079 3961 1335 4046 disputaverunt,
1356 3964 1512 4028 contami·

316 4069 388 4130 nari
412 4088 476 4131 non
500 4065 615 4130 decere
638 4063 786 4130 fabulas“
809 4064 861 4150 (cf.
887 4065 985 4129 Andr.
1008 4066 1088 4148 prol.
1114 4088 1140 4129 v.
1167 4068 1283 4150 ltllssl.

400 4171 417 4253 ᾗ
446 4175 495 4234 28.
534 4169 711 4234 Praeterea
742 4169 919 4233 Plautus
954 4169 1081 4233 multo
1117 4171 1316 4234 minorem
1351 4170 1511 4254 diligen-

314 4273 408 4340 tiam
443 4294 562 4355 quam
596 4273 803 4338 Terentius
838 4271 886 4336 ad
922 4274 1183 4356 exemplaria
1218 4274 1381 4338 Graeca
1421 4295 1511 4338 con·

314 4377 522 4458 jungenda
564 4376 773 4443 adhibuit.
832 4377 869 4439 ln
909 4375 1012 4440 Milite
1055 4376 1194 4459 glorioso
1231 4383 1263 4440 et
1299 4379 1332 4440 in
1370 4377 1512 4442 Poenulo

314 4486 415 4563 poeta
441 4481 579 4545 Latinus
611 4480 667 4544 illa
691 4481 755 4544 duo
778 4479 977 4563 exemplaria
999 4479 1127 4545 Graeca
1153 4481 1361 4546 commiscere
1383 4487 1416 4546 et
1438 4501 1513 4553 oon·
