3390 5298
670 581 883 644 ..19-

186 752 332 818 modeste
349 757 466 831 amattt,
489 751 690 837 prohibetur.
732 751 867 836 Milphio
884 756 1002 831 autem,
1020 751 1242 834 Agorastoclis
1255 740 1375 833 seruus,
1469 776 1473 784 ’

187 879 259 922 sese
283 862 407 936 „totum
430 855 579 920 lenonem
603 876 675 920 cum
698 861 769 921 tota
791 854 915 919 familia
938 855 1137 920 adulescenti
1157 856 1253 920 hodie
1273 856 1375 921 douo“

185 962 339 1026 daturum
375 980 446 1024 esse
480 963 520 1044 (v.
547 959 698 1044 lochos)
730 959 892 1042 promittit
921 958 1008 1023 hunc
1037 959 1146 1025 dolum
1179 959 1376 1043 excogitans.

186 1063 379 1144 Collebisoo,
411 1063 628 1128 adulescentis
657 1083 750 1128 servo
777 1062 882 1142 vilico,
913 1068 1083 1145 argentum
1115 1062 1255 1144 dabitur,
1290 1063 1378 1147 quod

186 1168 229 1232 ad
256 1168 402 1232 lenonem
433 1166 559 1232 deferat
588 1173 710 1250 petens,
739 1171 776 1230 ut
803 1165 865 1260 sibi
894 1167 1001 1230 locum
1025 1166 1163 1232 liberum
1186 1172 1219 1231 et
1240 1169 1377 1232 amicam

184 1271 353 1356 praebeat.
392 1269 454 1334 Ubi
479 1272 619 1354 primurn
644 1272 716 1335 leno
742 1293 814 1336 eum
837 1272 878 1335 ad
901 1293 934 1336 se
956 1272 1125 1356 receperit,
1149 1272 1378 1354 Agorastocles

186 1374 328 1458 rogabit,
351 1396 428 1437 nmn
446 1395 557 1438 servus
578 1397 654 1438 suus
671 1374 712 1438 ad
735 1374 955 1438 cumvenerit.
992 1371 1163 1454 Lenonem,
1186 1375 1212 1438 si
1235 1374 1377 1457 negabit,

186 1478 378 1544 adulescens
409 1477 585 1557 accusabit,
616 1478 702 1561 quod
725 1478 816 1557 „auri
840 1484 873 1542 et
899 1477 1037 1542 hominis
1061 1481 1114 1542 fur
1141 1479 1201 1542 sit“
1225 1480 1265 1564 (v.
1292 1478 1376 1561 184).

186 1582 269 1647 Tum
293 1587 426 1665 praetor
450 1587 552 1646 totam
576 1581 731 1646 familiam
756 1581 879 1646 lenonis
903 1580 1103 1646 adulescenti
1125 1568 1263 1647 addicet.

275 1685 336 1765 Qui
361 1684 453 1750 dolus
478 1707 536 1769 per
560 1692 668 1751 actum
692 1686 831 1769 primum
856 1685 1042 1751 ettertium
1065 1706 1285 1750 summarum
1308 1685 1379 1749 dili·

187 1790 298 1872 gentia
312 1794 540 1873 praeparatur.
573 1788 709 1873 Milphio
720 1788 946 1868 Collabiscum,
963 1810 1058 1871 quem
1071 1790 1136 1853 iam
1150 1789 1379 1873 Agorastocles

186 1892 367 1976 perdocuit,
390 1892 467 1975 quid
491 1892 674 1956 iaciendum
691 1899 777 1956 esset
795 1895 835 1976 (v.
855 1894 995 1976 l93sq.),
1019 1893 1216 1958 ornamentis
1240 1898 1273 1957 et
1288 1914 1379 1977 syco-

184 1996 329 2081 phantiis
360 2002 496 2060 exornat
524 1999 565 2078 (v.
588 1998 674 2080 425).
725 1997 952 2078 Agorastocles
982 2002 1091 2060 autern
1119 1995 1189 2060 abit
1218 1996 1311 2079 (13),
1343 2002 1380 2060 ut

186 2105 289 2164 testes
312 2107 466 2190 arcessat,
491 2101 555 2182 qui,
580 2100 655 2163 dum
677 2100 815 2183 pecunia
838 2099 945 2164 lenoni
968 2099 1118 2179 traditur,
1146 2105 1278 2184 praesto
1304 2100 1378 2177 sint,

186 2210 224 2267 ut
249 2203 402 2267 delictum
426 2225 445 2266 a
469 2203 594 2287 Lycone
625 2204 830 2268 commissum
860 2208 976 2286 postea
1002 2204 1188 2268 testimonio
1211 2225 1269 2268 suo
1293 2202 1380 2286 apud

185 2306 312 2371 iudices
337 2306 528 2372 confirmare
552 2308 685 2390 possint.
727 2309 832 2389 Atque
854 2327 890 2371 re
911 2327 989 2370 vera
1011 2307 1178 2371 consilium
1195 2306 1380 2390 Milphionis

187 2431 345 2494 prospere
380 2409 553 2474 succedere
589 2411 725 2476 videtur.
780 2409 980 2474 Oollahisous
1013 2411 1106 2491 enirn,
1139 2416 1314 2495 postquam
1347 2410 1380 2473 in

188 2519 266 2577 actu
287 2514 386 2577 tertio
411 2513 564 2592 „basilice
597 2519 791 2577 exornatus“
815 2512 982 2578 advocatis
1012 2513 1238 2597 praesentibus
1260 2513 1381 2597 Lyconi

186 2618 358 2700 pecuniam
393 2615 539 2695 tradidit,
576 2618 704 2681 domum
742 2616 866 2680 lenonis
905 2617 1016 2681 intrat.
1073 2619 1159 2707 Lyco
1195 2623 1303 2681 autem
1338 2616 1378 2681 ab
1455 2611 1458 2618 ”

190 2721 403 2804 Agorastocle
432 2720 652 2804 interrogatus
683 2727 781 2802 negat
811 2742 846 2785 se
876 2742 1007 2786 servum·
1037 2723 1105 2786 eius
1134 2720 1264 2786 domum
1289 2741 1380 2785 suam

187 2825 360 2908 recepisse.
396 2823 473 2888 Cum
498 2831 606 2889 autem
631 2825 780 2889 advocati
804 2826 832 2889 ei
855 2827 1078 2909 persuaserint
1103 2825 1319 2890 Collabiscum
1345 2846 1380 2889 re

188 2951 267 2993 vera
300 2948 428 2992 servum
453 2929 673 3011 Agorastoclis
705 2949 785 3008 esse,
816 2929 943 3012 aufugit
972 2929 1053 2994 haec
1073 2930 1174 2995 verba
1194 2928 1316 2992 faciens
1340 2938 1381 3012 (v.

189 3035 359 3118 uerbera:
424 3037 512 3096 Nunc
534 3038 592 3110 ihc,
616 3038 727 3098 amicos
751 3040 916 3110 consulam,
941 3055 998 3112 qao
1022 3053 1068 3097 me
1090 3039 1176 3098 inodo

423 3139 620 3214 Sospeadcre
643 3158 769 3215 aequom
792 3148 938 3202 censeant
954 3142 1163 3216 potissumum.
1265 3207 1267 3212 ,

279 3239 476 3304 Adulescens
510 3247 619 3304 autem
650 3240 692 3304 ab
723 3239 889 3304 advocatis
923 3241 1015 3324 petit,
1050 3247 1086 3305 ut
1121 3261 1193 3304 cras
1223 3260 1317 3303 mane
1348 3241 1381 3303 in

191 3344 321 3407 comitio
338 3343 454 3407 adsint.
493 3345 583 3423 Quae
607 3365 679 3407 cum
701 3345 749 3407 ita
772 3345 845 3423 sint,
869 3365 978 3408 omnes
997 3343 1206 3409 difficultates
1232 3342 1381 3408 sublatae

192 3447 352 3527 videntur,
375 3453 412 3510 ut
427 3446 616 3512 adulescens
632 3469 706 3512 mox
723 3448 860 3512 amicam
877 3469 967 3513 suam
989 3447 1141 3531 amplecti
1164 3448 1275 3530 possit.
1317 3448 1380 3512 Sed

191 3551 246 3614 ille
277 3550 370 3614 dolus
403 3573 461 3634 per
491 3556 582 3614 actus
614 3557 785 3634 sequentes
815 3552 999 3635 neglegitur
1030 3558 1062 3615 et
1093 3550 1228 3634 Milphio
1262 3573 1378 3616 novum

194 3655 362 3718 consilium
380 3676 451 3718 curn
469 3655 672 3719 antecedenti
693 3655 822 3719 minime
839 3656 1016 3719 cohaerens
1033 3657 1205 3737 excogitat,
1229 3660 1265 3719 ut
1281 3677 1382 3719 mere·

195 3759 306 3822 tricem
340 3758 476 3842 Lyconis
504 3757 653 3822 manibus
685 3759 804 3842 eripiat
834 3759 890 3842 (IV
918 3762 957 3843 1).
1005 3760 1249 3842 ASyncerasto
1288 3760 1382 3838 enirn,

192 3861 317 3926 lenonis
349 3881 450 3939 servo,
481 3863 600 3925 certior
631 3861 738 3926 factus
768 3861 842 3926 illas
865 3863 946 3926 duas
976 3882 1103 3926 sorores
1131 3863 1288 3945 ingenuas
1312 3867 1404 3926 esse'

62 4029 67 4042 ,
195 3971 226 4028 et
249 3963 472 4046 duodeviginti
494 3965 587 4028 minis
604 3970 729 4048 emptas
747 3967 788 4030 ab
806 3967 963 4031 Hannone
979 3966 1086 4030 Poeno
1110 3968 1200 4049 petit,
1225 3971 1262 4030 ut
1280 3966 1382 4048 lingat

193 4068 266 4132 illas
290 4068 371 4134 duas
395 4067 519 4151 puellas
543 4089 613 4132 esse
635 4068 719 4133 filias
742 4092 817 4134 suas
840 4069 1036 4152 Carthagine
1058 4076 1235 4153 surreptas.
1280 4069 1381 4133 Paulo

195 4178 270 4256 post
293 4178 401 4235 autem
419 4180 555 4255 apparet
574 4173 647 4237 illas
664 4173 744 4238 duas
768 4196 896 4239 sorores
912 4195 982 4238 esse
999 4195 1092 4238 veras
1113 4173 1198 4237 filias
1215 4174 1382 4238 Hannonis

196 4282 229 4339 et
244 4275 487 4357 Agorastoclem
512 4297 582 4340 esse
604 4277 705 4340 lilium
729 4277 841 4341 fratris
864 4279 941 4342 eius.
980 4279 1065 4361 Lyco
1085 4277 1233 4340 concedit
1255 4297 1382 4340 sorores

192 4377 345 4462 parvulas
379 4400 450 4443 curn
484 4377 609 4461 nutrice
646 4387 813 4465 surreptas
847 4402 916 4445 esse
948 4388 980 4444 et
1012 4383 1081 4464 ipse
1115 4401 1149 4444 se
1181 4380 1381 4443 adulescenti

192 4482 322 4559 addicit,
347 4484 401 4565 qui
427 4484 488 4547 sibi
513 4484 742 4568 Adelphasium
767 4486 954 4568 despondet.

1140 4586 1173 4639 ρ*
