3390 5298
790 559 1067 638 -ro-'

304 749 336 812 in
369 767 487 812 scaena
519 745 643 810 ebrium
675 766 709 809 se
736 745 882 828 praebet.
928 746 1109 811 Secundum
1141 747 1307 831 exemplar·
1337 750 1363 812 A
1394 769 1493 814 senex

304 873 375 918 sese
398 850 512 934 viginti
534 851 639 914 minas
662 847 843 914 soluturum
868 871 947 930 esse,
970 850 1025 915 ubi
1049 851 1187 934 primum
1211 873 1322 918 servus
1346 853 1494 936 proposi-

302 962 370 1020 tum
393 953 577 1039 perfecerit,
599 953 755 1037 promisit.
801 955 871 1033 Qua
887 954 919 1017 in
943 975 1060 1019 scaena
1081 955 1258 1021 Pseudolus
1281 977 1300 1020 a
1323 976 1398 1020 sene
1418 955 1493 1020 illas

302 1060 416 1143 viginti
447 1059 551 1122 minas
584 1057 668 1141 petit
701 1062 734 1121 et
769 1056 857 1121 Simo
887 1058 917 1121 ei
946 1065 1116 1140 argentum
1147 1059 1249 1123 tradit
1279 1059 1361 1124 haec
1391 1059 1493 1124 verba

302 1163 423 1228 faciens
446 1164 487 1246 (v,
513 1161 625 1243 1313):

696 1269 749 1329 Iar
768 1270 866 1344 petis:
888 1269 1001 1342 faleor,
1023 1276 1100 1331 tene.

303 1388 365 1454 Sed
387 1389 453 1452 iam
476 1385 551 1450 inde
575 1407 595 1450 a
617 1407 712 1450 versu
737 1391 818 1451 1314
840 1390 938 1470 poeta
961 1387 1090 1451 minime
1120 1386 1285 1470 exemplar
1309 1387 1337 1451 A
1358 1394 1489 1454 secutus

301 1492 529 1560 videturesse.
574 1489 684 1554 Verba
706 1491 789 1554 enim
813 1490 961 1580 Pseudoli
984 1492 1025 1575 (v.
1053 1491 1163 1573 1314):

518 1615 713 1691 arrepebat
737 1619 880 1679 daturam
904 1634 970 1677 esse
991 1623 1020 1677 te
1041 1617 1131 1677 milri:
1155 1623 1254 1677 tomen
1278 1619 1336 1677 dar

300 1733 524 1800 tantummodo
535 1733 577 1798 ad
589 1753 716 1797 versum
730 1737 801 1812 510,
814 1754 908 1815 quem
921 1755 961 1797 ex
972 1734 1149 1818 exemplari
1161 1733 1186 1796 B
1197 1734 1402 1818 desumptum
1419 1755 1491 1800 esse

301 1859 400 1923 supra
423 1836 722 1915 demonstravimus,
746 1838 885 1901 attinere
907 1844 1051 1921 possunt,
1076 1859 1140 1920 quo
1164 1838 1251 1904 Simo
1277 1837 1374 1902 dicit:
1466 1864 1471 1874 ·

395 2031 397 2036 ¹
516 1964 647 2023 Eclidito
669 1963 742 2021 milri
764 1964 867 2023 hercle
890 1965 1017 2035 oculum,
1040 1964 1067 2022 si
1088 1966 1222 2038 aedera

301 2103 374 2146 nam
398 2082 431 2144 in
455 2079 632 2163 exemplari
656 2083 682 2143 A
706 2100 804 2143 senex
824 2101 894 2144 sese
917 2081 1029 2162 viginti
1052 2081 1155 2146 minas
1179 2101 1238 2145 sua
1253 2084 1368 2164 sponte
1394 2080 1489 2145 datu·

300 2207 372 2250 rum
393 2205 463 2250 esse
485 2183 634 2268 promisit
658 2181 710 2266 (of.
733 2203 761 2245 v.
785 2183 946 2269 5361537).

386 2305 511 2371 Deinde
535 2305 623 2370 Simo
656 2303 856 2369 aPseudolo
886 2305 976 2387 petit,
1007 2311 1044 2369 ut
1077 2306 1138 2371 sibi
1179 2305 1322 2390 aliquam
1361 2311 1489 2389 partem

302 2410 429 2493 argenti
454 2408 571 2473 reddat
593 2411 634 2492 (v.
660 2408 766 2490 1322).
811 2411 984 2490 Postquam
1014 2417 1123 2474 autem
1153 2430 1264 2476 servus
1287 2429 1321 2474 se
1344 2409 1373 2472 ei
1396 2407 1489 2473 dimi-

301 2514 387 2578 diam
411 2519 537 2596 partem
550 2511 675 2593 argenti
698 2511 900 2576 redditorum
927 2533 996 2578 esse
1012 2513 1170 2596 promisit,
1194 2513 1281 2578 Simo
1297 2512 1489 2577 Pseudolum

302 2619 449 2701 seqnitur
471 2614 665 2680 confirmans
697 2635 823 2679 omnem
855 2616 1051 2682 simultatem
1074 2617 1159 2684 inter
1178 2616 1279 2682 filium
1307 2621 1340 2680 et
1361 2621 1489 2699 patrem

301 2720 553 2800 intercedentem
584 2719 746 2783 sublatam
776 2740 856 2782 esse.
902 2721 963 2798 Qui
993 2720 1123 2786 fabulae
1155 2720 1260 2786 exitus
1283 2740 1334 2785 me
1358 2719 1489 2801 quidem

301 2826 535 2905 indicensque
566 2822 607 2886 ad
631 2828 855 2904 argumentum
883 2825 1075 2907 exemplaris
1101 2830 1125 2890 A
1158 2845 1262 2908 neque
1295 2822 1490 2907 exemplaris

302 2930 329 2993 B
353 2928 502 3013 quadrat.
549 2927 723 3008 Exemplar
747 2929 772 2989 A
797 2911 880 2990 enim
913 2928 945 2991 id
970 2934 1105 3012 spectat,
1126 2933 1162 2992 ut
1186 2949 1285 2994 senex
1306 2947 1407 3005 servo,
1433 2927 1489 3010 qui

302 3033 502 3117 propositum
534 3030 679 3114 perfecit,
711 3031 823 3112 viginti
857 3032 960 3094 minas
994 3032 1063 3110 det,
1096 3052 1177 3114 quas
1204 3030 1258 3095 ille
1287 3030 1395 3095 lenoni
1428 3051 1487 3113 pro

301 3136 471 3202 meretrice
494 3134 635 3198 abducta
656 3133 753 3198 debet
776 3133 829 3218 (ci.
852 3156 880 3202 v.
897 3140 976 3201 536:
1006 3139 1104 3200 Dubia
1129 3140 1202 3200 milri
1223 3145 1385 3214 arpentum
1409 3141 1492 3212 qaod

303 3248 368 3306 dem
396 3245 497 3304 lenoni
526 3245 595 3303 ilico
629 3249 682 3302 tao
712 3240 892 3322 uoluntate).
940 3238 973 3302 Si
1002 3240 1102 3321 igitur
1131 3239 1206 3304 illae
1237 3237 1350 3321 viginti
1384 3237 1516 3322 minae¹

299 3345 407 3409 lenoni
429 3342 607 3407 tradendae
630 3347 713 3420 suut,
740 3362 851 3406 servus
874 3342 1049 3407 secundum
1073 3343 1135 3408 hoc
1162 3341 1327 3426 exemplar
1350 3361 1420 3405 sese
1445 3339 1490 3404 di-

300 3448 431 3514 midiam
461 3448 586 3529 partem
622 3447 690 3509 seni
720 3444 923 3510 redditurum
955 3467 1024 3523 esse
1059 3447 1250 3530 promittere
1280 3466 1343 3510 non
1371 3449 1488 3527 potest.

301 3550 483 3617 Secundum
509 3555 616 3613 autem
642 3549 806 3631 exemplar
830 3549 865 3628 B,
897 3555 933 3614 ut
965 3571 1063 3633 supra
1087 3550 1266 3634 expositum
1292 3554 1349 3628 est,
1380 3570 1491 3614 servus

303 3657 371 3721 seni
395 3655 503 3737 aliquo
528 3652 602 3716 dolo
625 3653 737 3735 viginti
762 3654 863 3716 minas
890 3653 994 3737 eripit,
1025 3660 1062 3717 ut
1084 3654 1250 3718 mulierem
1276 3651 1332 3716 illo
1355 3659 1490 3736 argento

301 3760 461 3825 redimere
484 3757 596 3840 possit.
641 3757 675 3820 Si
696 3756 797 3838 igitur
820 3757 925 3821 amica
945 3757 979 3820 in
1007 3756 1224 3822 adulescentis
1246 3761 1409 3840 potestate
1432 3762 1491 3835 est,

302 3883 413 3928 servus
445 3863 549 3926 minas
579 3865 708 3942 ereptas
740 3880 803 3924 non
833 3863 897 3924 iam
928 3860 1081 3943 possidet.
1127 3861 1217 3939 Quae
1248 3881 1319 3924 cum
1347 3859 1394 3922 ita
1416 3860 1490 3938 sint,

300 3965 433 4031 Plautus
453 3964 549 4028 finem
572 3963 668 4027 huius
682 3956 829 4027 ¹'scaenae
852 3965 893 4048 (v.
918 3966 1144 4047 loll-1355)
1166 3963 1258 4027 initio
1283 3962 1424 4027 eiusdem
1450 3983 1491 4026 ex

302 4069 479 4153 exemplari
502 4070 528 4132 A
551 4067 711 4131 translato
734 4067 774 4131 de
797 4088 854 4131 suo
877 4066 1006 4131 videtur
1028 4066 1221 4131 adiunxisse.

390 4174 481 4237 Haec
503 4171 608 4236 liabeo
629 4192 712 4253 quae
736 4169 840 4234 dicam
863 4170 902 4234 de
925 4171 1050 4234 ratione
1074 4169 1313 4238 contaminandi
1334 4169 1492 4234 Plautina.

301 4279 515 4358 Accingamus
549 4296 633 4339 nunc
665 4275 706 4338 ad
741 4274 868 4338 fabulas
904 4275 1141 4338 contaminatas
1176 4273 1305 4338 Terenti
1342 4294 1491 4356 perscru-

300 4381 426 4446 tandas.
