3390 5298
652 595 702 607 ..,
737 562 776 625 39
822 594 875 609 ...

159 735 387 813 argumentum
411 729 637 811 introducitur,
661 731 748 815 quod
775 731 817 798 ab
840 731 1044 798 antecedenti
1069 731 1226 798 abhorret
1252 738 1350 817 atque

159 825 306 899 dissidet.
472 830 485 852 ⁸
1140 898 1152 902 .,
1285 899 1290 902 .

250 939 429 1004 Pseudolus
453 941 536 1014 enim
561 940 640 1006 dicit
656 963 734 1020 sese,
757 942 946 1025 priusquam
962 963 982 1006 a
998 962 1073 1006 sene
1091 945 1259 1024 argentum
1278 941 1352 1006 abs·

157 1042 283 1123 tulerit,
308 1065 327 1108 a
350 1045 465 1108 lenone
488 1044 655 1110 tibicinam
677 1045 765 1110 illam
790 1045 1007 1110 abducturum
1032 1066 1111 1110 esse.
1153 1105 1174 1110 ,,

248 1153 397 1228 Effectum
417 1154 477 1212 boc
499 1154 589 1213 bodie
611 1155 740 1214 reddam
762 1160 924 1228 utrumque
947 1155 990 1214 ad
1012 1169 1175 1227 uesperum
1205 1151 1246 1233 (v.
1267 1150 1350 1231 530).

247 1252 371 1315 Deinde
388 1251 474 1316 Simo
490 1258 523 1316 et
539 1251 715 1318 Pseudolus
731 1273 846 1317 novam
861 1254 1046 1337 pactionem
1068 1253 1181 1316 ineunt
1203 1251 1350 1316 versibus

161 1354 375 1438 sequentibus
399 1360 439 1441 (v.
465 1359 662 1439 sal-ssu:
1283 1363 1285 1368 ’

157 1459 224 1541 (Si)
248 1465 403 1538 Siquidem
427 1466 522 1525 istaec
545 1481 650 1539 opera,
674 1471 708 1524 ut
726 1467 905 1539 praedicas,
924 1466 1109 1544 perfeceris,

165 1565 285 1628 l'u'rtutc
309 1570 379 1644 rapt
402 1570 564 1644 Agathocli
585 1570 798 1629 autecesscrts.
840 1623 843 1628 r

158 1670 226 1730 Sed
247 1673 274 1730 st
297 1689 357 1732 uon
379 1670 477 1744 sauir,
501 1674 649 1747 numquid
670 1679 813 1732 causaest
835 1674 904 1732 ilico

136 1781 138 1785 ·
163 1776 244 1846 (latu
261 1782 290 1835 tc
305 1777 336 1834 iu
346 1777 515 1850 pistrinum
529 1777 679 1836 caudam?
716 1771 785 1854 (rs)
803 1777 868 1836 Nau
891 1793 983 1835 uuum
1007 1777 1127 1850 quidem
1151 1778 1230 1838 dtcm
1252 1777 1348 1848 suada,

163 1877 276 1938 Varum
299 1881 403 1939 bercta
425 1881 455 1937 tu
480 1880 574 1938 amuis
598 1885 779 1954 quantumst.
801 1882 858 1940 sad
878 1881 906 1938 st
929 1883 1072 1956 effecero,

158 1983 264 2042 Dabis
286 1984 359 2043 aula
378 1989 539 2058 argeutum
563 1986 645 2057 quoa
665 1985 731 2043 dem
754 1985 855 2043 leuant
878 1985 948 2044 diro

161 2087 230 2146 Tua
253 2089 431 2147 uoluntate?
454 2082 526 2165 (Ca)
549 2086 603 2146 Ius
626 2087 735 2147 bouum
755 2094 825 2147 orat
846 2088 1034 2148 Pseudolus:

157 2183 271 2252 ‘Dabo'
297 2191 398 2265 inque.

249 2290 336 2355 Simo
352 2291 515 2372 promittit
534 2311 613 2368 sese,
635 2291 663 2354 si
679 2290 855 2354 Pseudolus
871 2296 1045 2373 utrumque
1069 2291 1252 2374 perfecerit,
1275 2293 1349 2356 illas

158 2395 265 2458 minas
295 2394 475 2458 soluturum
505 2414 590 2471 csse,
620 2415 701 2476 quas
730 2392 898 2457 Calidorus
930 2394 1037 2458 lenoni
1064 2415 1124 2477 pro
1156 2397 1261 2459 amica
1292 2396 1349 2459 ab·

159 2500 262 2563 ducta
277 2496 418 2562 debebit.
457 2499 563 2580 Atque
578 2498 693 2562 horum
709 2496 914 2561 consiliorum
930 2499 1070 2580 primum
1091 2499 1124 2562 in
1147 2519 1184 2563 eo
1207 2500 1349 2581 positum

140 2589 221 2679 est,
243 2608 280 2666 ut
304 2606 474 2682 argentum
494 2622 514 2664 a
537 2601 665 2666 Simone
688 2601 865 2664 auferatur.
910 2601 1088 2666 Pseudolus
1110 2603 1219 2684 igitur,
1243 2605 1270 2666 si
1292 2603 1350 2666 illa

160 2707 226 2770 duo
252 2706 420 2789 proposita
444 2707 616 2787 peregerit,
646 2705 678 2768 id
705 2711 763 2782 est,
793 2707 821 2768 si
844 2727 864 2768 a
885 2725 960 2768 sene
984 2711 1154 2787 argentum
1177 2705 1351 2769 abstulerit

160 2817 260 2893 atque
290 2831 310 2873 a
342 2809 456 2872 lenone
478 2809 644 2872 mulierem
668 2807 856 2885 abduxerit,
882 2808 946 2872 illis
969 2809 1081 2890 viginti
1104 2810 1198 2872 minis
1222 2810 1349 2873 omnino

160 2935 224 2978 non
245 2911 412 2995 indigebit.

246 3014 413 3094 Quomodo
443 3015 524 3078 haec
554 3015 775 3097 discrepantia
805 3021 879 3079 orta
910 3016 969 3092 sit,
1010 3019 1131 3098 optime
1165 3017 1227 3079 Leo
1264 3017 1296 3100 (l.
1322 3038 1347 3084 c.

159 3144 189 3204 p.
207 3121 359 3206 3491351)
383 3121 540 3202 exposuit.
585 3120 657 3190 Duo
680 3120 763 3182 enim
787 3125 980 3200 argumenta
1000 3121 1086 3183 inter
1108 3140 1142 3183 se
1164 3119 1293 3184 diversa
1316 3121 1349 3184 in

159 3227 221 3289 hac
245 3245 363 3288 scaena
386 3224 560 3287 commixta
584 3228 672 3287 sunt:
700 3229 926 3304 argumentum
949 3223 981 3286 l:
1012 3243 1123 3287 servus
1146 3224 1214 3286 seni
1241 3223 1350 3305 aliquo

161 3330 235 3393 dolo
251 3329 422 3411 pecuniam
438 3328 544 3408 eripit,
566 3333 603 3390 ut
620 3327 756 3389 amicam
776 3325 994 3390 adulescentis
1011 3348 1030 3388 a
1051 3327 1165 3389 lenone
1187 3327 1349 3392 redimere

158 3433 281 3516 possit3
312 3436 539 3512 argumentum
571 3431 620 3494 ll:
654 3431 681 3493 si
714 3450 806 3493 servo
845 3431 1024 3511 continget,
1058 3435 1095 3494 ut
1128 3429 1296 3493 mulierem
1325 3451 1351 3492 a

162 3537 278 3600 lenone
295 3533 404 3616 aliquo
419 3534 493 3597 dolo
514 3533 666 3611 abducat,
690 3553 787 3596 senex
809 3553 880 3597 sese
902 3535 1015 3615 viginti
1038 3535 1141 3596 minus
1163 3553 1223 3615 pro
1248 3533 1353 3597 amica

159 3638 300 3704 liberata
328 3638 509 3702 soluturum
539 3658 609 3702 esse
642 3639 812 3720 promittit.
860 3637 1128 3720 Argumentuml
1157 3635 1351 3720 exenrplaris

158 3745 184 3807 B
217 3765 287 3808 esse
320 3748 353 3805 et
374 3743 439 3805 iam
462 3747 538 3805 actu
566 3744 670 3824 primo
698 3743 749 3827 (cf.
773 3764 799 3808 v.
820 3748 893 3826 120)
915 3741 1107 3824 praeparari
1131 3761 1170 3804 ex
1193 3740 1351 3818 omuibus,

160 3869 243 3930 quac
274 3867 375 3930 supra
400 3846 615 3928 exposuimus,
639 3847 751 3911 elucet.
797 3847 1030 3927 Argumentum
1054 3845 1084 3908 ll
1111 3849 1234 3921 autem,
1265 3843 1352 3926 quod

162 3959 269 4015 actum
287 3948 464 4014 secundum
480 3955 513 4013 et
532 3955 684 4030 quartum
707 3955 891 4032 praeparet,
918 3949 1111 4030 exemplaris
1134 3950 1160 4010 A
1185 3953 1243 4010 est.
1281 3947 1351 4011 Hoc

158 4055 258 4135 igitur
289 4052 360 4116 loco
392 4055 431 4136 (v.
456 4053 639 4133 522-546)
670 4052 803 4116 Plautus
834 4055 1026 4133 argumenta
1055 4049 1185 4113 illorum
1214 4049 1351 4113 duorum

160 4157 392 4238 exemplarium
426 4156 509 4218 inter
539 4177 573 4218 se
597 4155 814 4231 diversorum,
846 4154 1001 4237 equibus
1021 4152 1217 4218 Pseudolum
1241 4159 1351 4216 conta-

160 4261 312 4336 minavit,
347 4260 553 4323 commiscere
588 4263 722 4322 conatus
757 4264 813 4323 est.
859 4257 920 4320 Illa
951 4257 1014 4321 duo
1046 4262 1237 4338 argumenta
1265 4255 1351 4319 idem

160 4367 325 4448 spectant,
357 4367 393 4425 ut
416 4362 502 4426 Simo
533 4362 644 4443 viginti
673 4363 776 4424 minas
797 4380 857 4443 pro
881 4361 1051 4424 meretrice
1074 4359 1217 4423 abducta
1239 4358 1351 4424 solvat.

162 4468 198 4531 In
228 4472 420 4548 argumento
450 4460 465 4529 Ι
492 4471 663 4548 argentum
685 4465 794 4546 aliquo
813 4463 886 4528 dolo
910 4463 977 4528 seni
1001 4462 1202 4547 eripiendum
1222 4468 1287 4540 est,
1318 4463 1351 4525 in
