<?xml version="1.0" encoding="UTF-8"?>
<!DOCTYPE html PUBLIC "-//W3C//DTD XHTML 1.0 Transitional//EN"
    "http://www.w3.org/TR/xhtml1/DTD/xhtml1-transitional.dtd">
<html xmlns="http://www.w3.org/1999/xhtml" xml:lang="en" lang="en">
 <head>
  <title>
</title>
<meta http-equiv="Content-Type" content="text/html;charset=utf-8" />
  <meta name='ocr-system' content='tesseract 3.04.00' />
  <meta name='ocr-capabilities' content='ocr_page ocr_carea ocr_par ocr_line ocrx_word'/>
</head>
<body>
  <div class='ocr_page' id='page_1' title='image "./decontamination00waltgoog_0018.png"; bbox 0 0 3390 5298; ppageno 0'>
   <div class='ocr_carea' id='block_1_1' title="bbox 699 508 916 618">
    <p class='ocr_par' dir='ltr' id='par_1_1' title="bbox 699 508 916 618">
     <span class='ocr_line' id='line_1_1' title="bbox 699 508 916 618; baseline -0.009 -14"><span class='ocrx_word' id='word_1_1' title='bbox 699 591 743 604; x_wconf 79' lang='grc'><strong>..</strong></span> <span class='ocrx_word' id='word_1_2' title='bbox 791 508 916 618; x_wconf 62' lang='lat' dir='ltr'><strong>13s...</strong></span> 
     </span>
    </p>
   </div>
   <div class='ocr_carea' id='block_1_2' title="bbox 132 725 1410 4540">
    <p class='ocr_par' dir='ltr' id='par_1_2' title="bbox 171 725 1410 2371">
     <span class='ocr_line' id='line_1_2' title="bbox 210 725 1400 810; baseline 0 -18"><span class='ocrx_word' id='word_1_3' title='bbox 210 728 303 807; x_wconf 83' lang='lat' dir='ltr'><strong>ravit,</strong></span> <span class='ocrx_word' id='word_1_4' title='bbox 326 749 402 792; x_wconf 89' lang='lat' dir='ltr'><strong>num</strong></span> <span class='ocrx_word' id='word_1_5' title='bbox 428 725 561 791; x_wconf 88' lang='lat' dir='ltr'><strong>coneilio</strong></span> <span class='ocrx_word' id='word_1_6' title='bbox 584 725 734 792; x_wconf 84' lang='lat' dir='ltr'><strong>habendo</strong></span> <span class='ocrx_word' id='word_1_7' title='bbox 757 731 892 792; x_wconf 87' lang='lat' dir='ltr'><strong>venator</strong></span> <span class='ocrx_word' id='word_1_8' title='bbox 915 725 1009 805; x_wconf 85' lang='lat' dir='ltr'><strong>adsit,</strong></span> <span class='ocrx_word' id='word_1_9' title='bbox 1037 745 1131 790; x_wconf 81' lang='lat' dir='ltr'><strong>versu</strong></span> <span class='ocrx_word' id='word_1_10' title='bbox 1154 732 1213 792; x_wconf 85' lang='grc'><strong>765</strong></span> <span class='ocrx_word' id='word_1_11' title='bbox 1223 749 1291 810; x_wconf 83' lang='lat' dir='ltr'>sqq.</span> <span class='ocrx_word' id='word_1_12' title='bbox 1312 727 1400 792; x_wconf 85' lang='lat' dir='ltr'><strong>Peri-</strong></span> 
     </span>
     <span class='ocr_line' id='line_1_3' title="bbox 211 829 1402 915; baseline 0.002 -20"><span class='ocrx_word' id='word_1_13' title='bbox 211 833 443 915; x_wconf 82' lang='lat' dir='ltr'><strong>plectomenus,</strong></span> <span class='ocrx_word' id='word_1_14' title='bbox 474 830 664 908; x_wconf 76' lang='lat' dir='ltr'>Palaestrio,</span> <span class='ocrx_word' id='word_1_15' title='bbox 695 830 869 895; x_wconf 85' lang='lat' dir='ltr'><strong>Pleusicles</strong></span> <span class='ocrx_word' id='word_1_16' title='bbox 892 829 1084 908; x_wconf 86' lang='lat' dir='ltr'><strong>deliberant,</strong></span> <span class='ocrx_word' id='word_1_17' title='bbox 1116 831 1277 911; x_wconf 85' lang='lat' dir='ltr'><strong>quomodo</strong></span> <span class='ocrx_word' id='word_1_18' title='bbox 1310 832 1402 898; x_wconf 83' lang='lat' dir='ltr'><strong>miles</strong></span> 
     </span>
     <span class='ocr_line' id='line_1_4' title="bbox 210 933 1401 1019; baseline 0.001 -20"><span class='ocrx_word' id='word_1_19' title='bbox 210 934 419 1017; x_wconf 86' lang='lat' dir='ltr'><strong>decipiendus</strong></span> <span class='ocrx_word' id='word_1_20' title='bbox 432 934 482 998; x_wconf 86' lang='lat' dir='ltr'><strong>sit.</strong></span> <span class='ocrx_word' id='word_1_21' title='bbox 506 933 599 998; x_wconf 89' lang='lat' dir='ltr'><strong>lllam</strong></span> <span class='ocrx_word' id='word_1_22' title='bbox 611 938 739 1016; x_wconf 87' lang='lat' dir='ltr'><strong>partem</strong></span> <span class='ocrx_word' id='word_1_23' title='bbox 752 933 848 998; x_wconf 88' lang='lat' dir='ltr'><strong>bniue</strong></span> <span class='ocrx_word' id='word_1_24' title='bbox 861 947 998 998; x_wconf 84' lang='lat' dir='ltr'><strong>scaenae</strong></span> <span class='ocrx_word' id='word_1_25' title='bbox 1008 935 1166 1015; x_wconf 77' lang='lat' dir='ltr'><strong>(ccc-61</strong></span> <span class='ocrx_word' id='word_1_26' title='bbox 1178 941 1203 1013; x_wconf 92' lang='lat' dir='ltr'><strong>l,</strong></span> <span class='ocrx_word' id='word_1_27' title='bbox 1217 938 1401 1019; x_wconf 76' lang='lat' dir='ltr'><strong>rac-col)</strong></span> 
     </span>
     <span class='ocr_line' id='line_1_5' title="bbox 210 1035 1401 1118; baseline 0.001 -16"><span class='ocrx_word' id='word_1_28' title='bbox 210 1059 250 1102; x_wconf 83' lang='lat' dir='ltr'><strong>cx</strong></span> <span class='ocrx_word' id='word_1_29' title='bbox 273 1039 412 1102; x_wconf 85' lang='lat' dir='ltr'><strong>Alazona</strong></span> <span class='ocrx_word' id='word_1_30' title='bbox 434 1037 566 1102; x_wconf 80' lang='lat' dir='ltr'><strong>fluxisse</strong></span> <span class='ocrx_word' id='word_1_31' title='bbox 590 1037 742 1102; x_wconf 77' lang='lat' dir='ltr'><strong>facillime</strong></span> <span class='ocrx_word' id='word_1_32' title='bbox 764 1036 942 1118; x_wconf 81' lang='lat' dir='ltr'><strong>intelleges.</strong></span> <span class='ocrx_word' id='word_1_33' title='bbox 980 1035 1161 1100; x_wconf 80' lang='lat' dir='ltr'><strong>Palaestrio</strong></span> <span class='ocrx_word' id='word_1_34' title='bbox 1178 1039 1262 1102; x_wconf 88' lang='lat' dir='ltr'><strong>enim</strong></span> <span class='ocrx_word' id='word_1_35' title='bbox 1278 1060 1297 1102; x_wconf 92' lang='lat' dir='ltr'><strong>a</strong></span> <span class='ocrx_word' id='word_1_36' title='bbox 1312 1038 1401 1103; x_wconf 89' lang='lat' dir='ltr'><strong>Peri-</strong></span> 
     </span>
     <span class='ocr_line' id='line_1_6' title="bbox 209 1139 1410 1225; baseline 0.001 -20"><span class='ocrx_word' id='word_1_37' title='bbox 209 1143 413 1225; x_wconf 86' lang='lat' dir='ltr'><strong>plectomene</strong></span> <span class='ocrx_word' id='word_1_38' title='bbox 437 1141 569 1206; x_wconf 89' lang='lat' dir='ltr'><strong>anulum</strong></span> <span class='ocrx_word' id='word_1_39' title='bbox 591 1142 674 1223; x_wconf 88' lang='lat' dir='ltr'><strong>petit</strong></span> <span class='ocrx_word' id='word_1_40' title='bbox 696 1142 738 1224; x_wconf 85' lang='lat' dir='ltr'><strong>(v.</strong></span> <span class='ocrx_word' id='word_1_41' title='bbox 762 1142 847 1223; x_wconf 81' lang='grc'>771),</span> <span class='ocrx_word' id='word_1_42' title='bbox 869 1147 906 1204; x_wconf 89' lang='lat' dir='ltr'><strong>ut</strong></span> <span class='ocrx_word' id='word_1_43' title='bbox 928 1139 1053 1222; x_wconf 85' lang='lat' dir='ltr'><strong>fingens</strong></span> <span class='ocrx_word' id='word_1_44' title='bbox 1075 1140 1167 1204; x_wconf 90' lang='lat' dir='ltr'><strong>illum</strong></span> <span class='ocrx_word' id='word_1_45' title='bbox 1189 1141 1250 1206; x_wconf 85' lang='lat' dir='ltr'><strong>cibi</strong></span> <span class='ocrx_word' id='word_1_46' title='bbox 1274 1162 1294 1206; x_wconf 91' lang='lat' dir='ltr'><strong>a</strong></span> <span class='ocrx_word' id='word_1_47' title='bbox 1316 1142 1410 1206; x_wconf 84' lang='lat' dir='ltr'><strong>aenia-</strong></span> 
     </span>
     <span class='ocr_line' id='line_1_7' title="bbox 209 1243 1401 1328; baseline -0.003 -16"><span class='ocrx_word' id='word_1_48' title='bbox 209 1267 311 1312; x_wconf 83' lang='lat' dir='ltr'><strong>uxore</strong></span> <span class='ocrx_word' id='word_1_49' title='bbox 330 1244 485 1310; x_wconf 88' lang='lat' dir='ltr'><strong>traditum</strong></span> <span class='ocrx_word' id='word_1_50' title='bbox 502 1265 572 1308; x_wconf 86' lang='lat' dir='ltr'><strong>esse</strong></span> <span class='ocrx_word' id='word_1_51' title='bbox 589 1243 722 1308; x_wconf 85' lang='lat' dir='ltr'><strong>militem</strong></span> <span class='ocrx_word' id='word_1_52' title='bbox 739 1243 889 1326; x_wconf 83' lang='lat' dir='ltr'><strong>decipere</strong></span> <span class='ocrx_word' id='word_1_53' title='bbox 905 1244 1017 1328; x_wconf 82' lang='lat' dir='ltr'><strong>possit,</strong></span> <span class='ocrx_word' id='word_1_54' title='bbox 1041 1249 1074 1308; x_wconf 85' lang='lat' dir='ltr'><strong>et</strong></span> <span class='ocrx_word' id='word_1_55' title='bbox 1089 1244 1401 1323; x_wconf 84' lang='lat' dir='ltr'><strong>senem.„mulierem</strong></span> 
     </span>
     <span class='ocr_line' id='line_1_8' title="bbox 209 1347 1402 1431; baseline -0.001 -19"><span class='ocrx_word' id='word_1_56' title='bbox 209 1349 315 1413; x_wconf 88' lang='lat' dir='ltr'><strong>forma</strong></span> <span class='ocrx_word' id='word_1_57' title='bbox 344 1347 474 1431; x_wconf 84' lang='lat' dir='ltr'><strong>lepida“</strong></span> <span class='ocrx_word' id='word_1_58' title='bbox 505 1347 667 1412; x_wconf 90' lang='lat' dir='ltr'><strong>adducere</strong></span> <span class='ocrx_word' id='word_1_59' title='bbox 698 1347 798 1426; x_wconf 89' lang='lat' dir='ltr'><strong>iubet,</strong></span> <span class='ocrx_word' id='word_1_60' title='bbox 828 1367 912 1428; x_wconf 91' lang='lat' dir='ltr'><strong>quae</strong></span> <span class='ocrx_word' id='word_1_61' title='bbox 948 1367 1007 1426; x_wconf 86' lang='lat' dir='ltr'><strong>„cx</strong></span> <span class='ocrx_word' id='word_1_62' title='bbox 1036 1352 1257 1414; x_wconf 87' lang='lat' dir='ltr'><strong>matronarum</strong></span> <span class='ocrx_word' id='word_1_63' title='bbox 1287 1348 1402 1412; x_wconf 83' lang='lat' dir='ltr'><strong>modo“</strong></span> 
     </span>
     <span class='ocr_line' id='line_1_9' title="bbox 209 1450 1401 1536; baseline 0 -20"><span class='ocrx_word' id='word_1_64' title='bbox 209 1459 327 1516; x_wconf 85' lang='lat' dir='ltr'><strong>ornata</strong></span> <span class='ocrx_word' id='word_1_65' title='bbox 349 1471 419 1516; x_wconf 86' lang='lat' dir='ltr'><strong>acac</strong></span> <span class='ocrx_word' id='word_1_66' title='bbox 435 1450 705 1534; x_wconf 79' lang='lat' dir='ltr'><strong>Periplectomeni</strong></span> <span class='ocrx_word' id='word_1_67' title='bbox 724 1471 857 1515; x_wconf 85' lang='lat' dir='ltr'><strong>uxorem</strong></span> <span class='ocrx_word' id='word_1_68' title='bbox 881 1471 951 1514; x_wconf 82' lang='lat' dir='ltr'><strong>esse</strong></span> <span class='ocrx_word' id='word_1_69' title='bbox 974 1452 1015 1534; x_wconf 84' lang='lat' dir='ltr'><strong>(v.</strong></span> <span class='ocrx_word' id='word_1_70' title='bbox 1033 1455 1050 1514; x_wconf 96' lang='grc'>7</span> <span class='ocrx_word' id='word_1_71' title='bbox 1055 1451 1216 1536; x_wconf 72' lang='lat'>90-793)</span> <span class='ocrx_word' id='word_1_72' title='bbox 1238 1457 1271 1516; x_wconf 89' lang='lat' dir='ltr'><strong>et</strong></span> <span class='ocrx_word' id='word_1_73' title='bbox 1290 1471 1401 1516; x_wconf 88' lang='lat' dir='ltr'><strong>amore</strong></span> 
     </span>
     <span class='ocr_line' id='line_1_10' title="bbox 211 1552 1403 1637; baseline 0 -17"><span class='ocrx_word' id='word_1_74' title='bbox 211 1555 323 1621; x_wconf 81' lang='lat' dir='ltr'><strong>militia</strong></span> <span class='ocrx_word' id='word_1_75' title='bbox 363 1555 510 1637; x_wconf 87' lang='lat' dir='ltr'><strong>deperire</strong></span> <span class='ocrx_word' id='word_1_76' title='bbox 549 1554 699 1618; x_wconf 80' lang='lat' dir='ltr'><strong>simulat.¹</strong></span> <span class='ocrx_word' id='word_1_77' title='bbox 746 1555 783 1618; x_wconf 92' lang='lat' dir='ltr'><strong>ln</strong></span> <span class='ocrx_word' id='word_1_78' title='bbox 813 1573 930 1618; x_wconf 85' lang='lat' dir='ltr'><strong>scaena</strong></span> <span class='ocrx_word' id='word_1_79' title='bbox 968 1552 1015 1618; x_wconf 91' lang='grc' dir='ltr'><strong>ΙΙΙ</strong></span> <span class='ocrx_word' id='word_1_80' title='bbox 1051 1557 1069 1616; x_wconf 87' lang='grc'><strong>3</strong></span> <span class='ocrx_word' id='word_1_81' title='bbox 1106 1553 1403 1637; x_wconf 77' lang='lat' dir='ltr'><strong>Periplectomenus</strong></span> 
     </span>
     <span class='ocr_line' id='line_1_11' title="bbox 210 1657 1403 1742; baseline 0 -20"><span class='ocrx_word' id='word_1_82' title='bbox 210 1658 459 1742; x_wconf 88' lang='lat' dir='ltr'><strong>Milphidippam</strong></span> <span class='ocrx_word' id='word_1_83' title='bbox 487 1663 520 1721; x_wconf 89' lang='lat' dir='ltr'><strong>et</strong></span> <span class='ocrx_word' id='word_1_84' title='bbox 542 1657 806 1736; x_wconf 86' lang='lat' dir='ltr'><strong>Acroteleutium,</strong></span> <span class='ocrx_word' id='word_1_85' title='bbox 835 1657 987 1721; x_wconf 82' lang='lat' dir='ltr'><strong>ancillam</strong></span> <span class='ocrx_word' id='word_1_86' title='bbox 1010 1657 1088 1736; x_wconf 80' lang='lat' dir='ltr'><strong>eiua,</strong></span> <span class='ocrx_word' id='word_1_87' title='bbox 1121 1657 1264 1722; x_wconf 86' lang='lat' dir='ltr'><strong>adducit.</strong></span> <span class='ocrx_word' id='word_1_88' title='bbox 1310 1657 1403 1722; x_wconf 82' lang='lat' dir='ltr'><strong>Miles</strong></span> 
     </span>
     <span class='ocr_line' id='line_1_12' title="bbox 211 1760 1403 1854; baseline -0.002 -28"><span class='ocrx_word' id='word_1_89' title='bbox 211 1769 329 1840; x_wconf 84' lang='lat' dir='ltr'><strong>autern,</strong></span> <span class='ocrx_word' id='word_1_90' title='bbox 352 1767 525 1854; x_wconf 80' lang='lat' dir='ltr'><strong>postquam</strong></span> <span class='ocrx_word' id='word_1_91' title='bbox 549 1781 661 1826; x_wconf 81' lang='lat' dir='ltr'><strong>servus</strong></span> <span class='ocrx_word' id='word_1_92' title='bbox 677 1762 708 1826; x_wconf 91' lang='lat' dir='ltr'><strong>ei</strong></span> <span class='ocrx_word' id='word_1_93' title='bbox 730 1767 806 1826; x_wconf 90' lang='lat' dir='ltr'><strong>actu</strong></span> <span class='ocrx_word' id='word_1_94' title='bbox 822 1767 940 1843; x_wconf 88' lang='lat' dir='ltr'><strong>quarto</strong></span> <span class='ocrx_word' id='word_1_95' title='bbox 956 1761 1086 1826; x_wconf 82' lang='lat' dir='ltr'><strong>ineunte</strong></span> <span class='ocrx_word' id='word_1_96' title='bbox 1102 1760 1235 1825; x_wconf 89' lang='lat' dir='ltr'><strong>anulum</strong></span> <span class='ocrx_word' id='word_1_97' title='bbox 1257 1761 1403 1842; x_wconf 85' lang='lat' dir='ltr'><strong>tradidit,</strong></span> 
     </span>
     <span class='ocr_line' id='line_1_13' title="bbox 171 1863 1403 1949; baseline -0.001 -19"><span class='ocrx_word' id='word_1_98' title='bbox 171 1887 175 1896; x_wconf 92' lang='lat'><em>·</em></span> <span class='ocrx_word' id='word_1_99' title='bbox 210 1888 229 1930; x_wconf 89' lang='lat' dir='ltr'><strong>a</strong></span> <span class='ocrx_word' id='word_1_100' title='bbox 263 1864 477 1949; x_wconf 87' lang='lat' dir='ltr'><strong>Milphidippa</strong></span> <span class='ocrx_word' id='word_1_101' title='bbox 504 1865 561 1949; x_wconf 98' lang='grc' dir='ltr'><strong>(Ν</strong></span> <span class='ocrx_word' id='word_1_102' title='bbox 588 1865 620 1946; x_wconf 79' lang='grc'><strong>2)</strong></span> <span class='ocrx_word' id='word_1_103' title='bbox 650 1872 682 1929; x_wconf 92' lang='lat' dir='ltr'><strong>et</strong></span> <span class='ocrx_word' id='word_1_104' title='bbox 712 1865 930 1930; x_wconf 75' lang='lat' dir='ltr'><strong>Acroteleutic</strong></span> <span class='ocrx_word' id='word_1_105' title='bbox 960 1864 1018 1947; x_wconf 99' lang='grc' dir='ltr'><strong>(Ν</strong></span> <span class='ocrx_word' id='word_1_106' title='bbox 1041 1864 1073 1948; x_wconf 89' lang='grc'><strong>6)</strong></span> <span class='ocrx_word' id='word_1_107' title='bbox 1107 1863 1263 1947; x_wconf 83' lang='lat' dir='ltr'><strong>deceptus</strong></span> <span class='ocrx_word' id='word_1_108' title='bbox 1295 1865 1403 1930; x_wconf 89' lang='lat' dir='ltr'><strong>Philo·</strong></span> 
     </span>
     <span class='ocr_line' id='line_1_14' title="bbox 211 1967 1403 2051; baseline 0 -17"><span class='ocrx_word' id='word_1_109' title='bbox 211 1971 388 2034; x_wconf 86' lang='lat' dir='ltr'><strong>comasium</strong></span> <span class='ocrx_word' id='word_1_110' title='bbox 405 1969 548 2034; x_wconf 84' lang='lat' dir='ltr'><strong>Athenas</strong></span> <span class='ocrx_word' id='word_1_111' title='bbox 572 1969 738 2034; x_wconf 87' lang='lat' dir='ltr'><strong>remittere</strong></span> <span class='ocrx_word' id='word_1_112' title='bbox 762 1970 930 2034; x_wconf 86' lang='lat' dir='ltr'><strong>constitnit</strong></span> <span class='ocrx_word' id='word_1_113' title='bbox 952 1968 1008 2051; x_wconf 95' lang='grc' dir='ltr'><strong>(Ν</strong></span> <span class='ocrx_word' id='word_1_114' title='bbox 1032 1971 1074 2050; x_wconf 87' lang='lat'><strong>3).</strong></span> <span class='ocrx_word' id='word_1_115' title='bbox 1122 1967 1220 2050; x_wconf 85' lang='lat' dir='ltr'><strong>Virgo</strong></span> <span class='ocrx_word' id='word_1_116' title='bbox 1244 1990 1403 2034; x_wconf 89' lang='lat' dir='ltr'><strong>unacum</strong></span> 
     </span>
     <span class='ocr_line' id='line_1_15' title="bbox 211 2071 1403 2155; baseline 0 -18"><span class='ocrx_word' id='word_1_117' title='bbox 211 2073 369 2140; x_wconf 87' lang='lat' dir='ltr'><strong>Pleusicle</strong></span> <span class='ocrx_word' id='word_1_118' title='bbox 393 2079 425 2137; x_wconf 92' lang='lat' dir='ltr'><strong>ct</strong></span> <span class='ocrx_word' id='word_1_119' title='bbox 447 2072 670 2137; x_wconf 80' lang='lat' dir='ltr'><strong>Palaestrione</strong></span> <span class='ocrx_word' id='word_1_120' title='bbox 699 2073 732 2138; x_wconf 91' lang='lat' dir='ltr'><strong>in</strong></span> <span class='ocrx_word' id='word_1_121' title='bbox 762 2093 875 2138; x_wconf 85' lang='lat' dir='ltr'><strong>navem</strong></span> <span class='ocrx_word' id='word_1_122' title='bbox 904 2071 961 2155; x_wconf 87' lang='lat' dir='ltr'><strong>(IV</strong></span> <span class='ocrx_word' id='word_1_123' title='bbox 984 2072 1027 2155; x_wconf 85' lang='grc'><strong>8),</strong></span> <span class='ocrx_word' id='word_1_124' title='bbox 1059 2072 1152 2136; x_wconf 86' lang='lat' dir='ltr'><strong>miles</strong></span> <span class='ocrx_word' id='word_1_125' title='bbox 1182 2078 1292 2137; x_wconf 88' lang='lat' dir='ltr'><strong>autam</strong></span> <span class='ocrx_word' id='word_1_126' title='bbox 1315 2073 1403 2138; x_wconf 87' lang='lat' dir='ltr'><strong>Peri·</strong></span> 
     </span>
     <span class='ocr_line' id='line_1_16' title="bbox 211 2175 1404 2261; baseline 0 -19"><span class='ocrx_word' id='word_1_127' title='bbox 211 2177 404 2261; x_wconf 89' lang='lat' dir='ltr'><strong>plectorneni</strong></span> <span class='ocrx_word' id='word_1_128' title='bbox 428 2176 558 2242; x_wconf 92' lang='lat' dir='ltr'><strong>domum</strong></span> <span class='ocrx_word' id='word_1_129' title='bbox 581 2197 615 2242; x_wconf 84' lang='lat' dir='ltr'><strong>se</strong></span> <span class='ocrx_word' id='word_1_130' title='bbox 639 2176 810 2241; x_wconf 84' lang='lat' dir='ltr'><strong>conferunt</strong></span> <span class='ocrx_word' id='word_1_131' title='bbox 832 2176 890 2259; x_wconf 85' lang='lat' dir='ltr'><strong>(IV</strong></span> <span class='ocrx_word' id='word_1_132' title='bbox 913 2176 955 2259; x_wconf 89' lang='grc'><strong>9).</strong></span> <span class='ocrx_word' id='word_1_133' title='bbox 1001 2175 1037 2240; x_wconf 96' lang='lat' dir='ltr'><strong>ln</strong></span> <span class='ocrx_word' id='word_1_134' title='bbox 1063 2181 1144 2240; x_wconf 90' lang='lat' dir='ltr'><strong>actu.</strong></span> <span class='ocrx_word' id='word_1_135' title='bbox 1170 2177 1283 2258; x_wconf 89' lang='lat' dir='ltr'><strong>quinto</strong></span> <span class='ocrx_word' id='word_1_136' title='bbox 1312 2176 1404 2246; x_wconf 86' lang='lat' dir='ltr'><strong>miles</strong></span> 
     </span>
     <span class='ocr_line' id='line_1_17' title="bbox 212 2279 1221 2371; baseline 0.001 -27"><span class='ocrx_word' id='word_1_137' title='bbox 212 2282 307 2344; x_wconf 87' lang='lat' dir='ltr'><strong>domo</strong></span> <span class='ocrx_word' id='word_1_138' title='bbox 332 2280 601 2364; x_wconf 88' lang='lat' dir='ltr'><strong>Periplectomeni</strong></span> <span class='ocrx_word' id='word_1_139' title='bbox 625 2280 761 2362; x_wconf 90' lang='lat' dir='ltr'><strong>eripitur</strong></span> <span class='ocrx_word' id='word_1_140' title='bbox 784 2287 882 2362; x_wconf 88' lang='lat' dir='ltr'><strong>atque</strong></span> <span class='ocrx_word' id='word_1_141' title='bbox 906 2279 999 2344; x_wconf 82' lang='lat' dir='ltr'><strong>valde</strong></span> <span class='ocrx_word' id='word_1_142' title='bbox 1020 2279 1221 2371; x_wconf 88' lang='lat' dir='ltr'><strong>verberatur.</strong></span> 
     </span>
    </p>

    <p class='ocr_par' dir='ltr' id='par_1_3' title="bbox 212 2383 1405 2882">
     <span class='ocr_line' id='line_1_18' title="bbox 299 2383 1404 2465; baseline 0.001 -17"><span class='ocrx_word' id='word_1_143' title='bbox 299 2386 389 2462; x_wconf 85' lang='lat' dir='ltr'><strong>Quae</strong></span> <span class='ocrx_word' id='word_1_144' title='bbox 406 2405 477 2450; x_wconf 85' lang='lat' dir='ltr'><strong>curn</strong></span> <span class='ocrx_word' id='word_1_145' title='bbox 494 2386 541 2450; x_wconf 92' lang='lat' dir='ltr'><strong>ita</strong></span> <span class='ocrx_word' id='word_1_146' title='bbox 557 2385 630 2462; x_wconf 87' lang='lat' dir='ltr'><strong>sint,</strong></span> <span class='ocrx_word' id='word_1_147' title='bbox 654 2404 765 2448; x_wconf 83' lang='lat' dir='ltr'><strong>raraua</strong></span> <span class='ocrx_word' id='word_1_148' title='bbox 782 2389 916 2449; x_wconf 84' lang='grc'>596-61</span> <span class='ocrx_word' id='word_1_149' title='bbox 928 2391 952 2462; x_wconf 92' lang='lat' dir='ltr'><strong>l,</strong></span> <span class='ocrx_word' id='word_1_150' title='bbox 971 2389 1132 2448; x_wconf 74' lang='lat' dir='ltr'><strong>rac-804</strong></span> <span class='ocrx_word' id='word_1_151' title='bbox 1148 2393 1316 2465; x_wconf 90' lang='lat' dir='ltr'><strong>tamquam</strong></span> <span class='ocrx_word' id='word_1_152' title='bbox 1332 2383 1404 2449; x_wconf 87' lang='lat' dir='ltr'><strong>iun-</strong></span> 
     </span>
     <span class='ocr_line' id='line_1_19' title="bbox 214 2486 1402 2570; baseline 0 -18"><span class='ocrx_word' id='word_1_153' title='bbox 214 2488 401 2553; x_wconf 85' lang='lat' dir='ltr'><strong>damcntum</strong></span> <span class='ocrx_word' id='word_1_154' title='bbox 426 2488 570 2570; x_wconf 86' lang='lat' dir='ltr'><strong>reliquae</strong></span> <span class='ocrx_word' id='word_1_155' title='bbox 593 2486 724 2552; x_wconf 92' lang='lat' dir='ltr'><strong>fabulae</strong></span> <span class='ocrx_word' id='word_1_156' title='bbox 741 2507 811 2550; x_wconf 86' lang='lat' dir='ltr'><strong>esac</strong></span> <span class='ocrx_word' id='word_1_157' title='bbox 831 2493 864 2550; x_wconf 93' lang='lat' dir='ltr'><strong>et</strong></span> <span class='ocrx_word' id='word_1_158' title='bbox 886 2509 926 2550; x_wconf 88' lang='lat' dir='ltr'><strong>ex</strong></span> <span class='ocrx_word' id='word_1_159' title='bbox 949 2488 1061 2552; x_wconf 88' lang='lat' dir='ltr'><strong>eodem</strong></span> <span class='ocrx_word' id='word_1_160' title='bbox 1080 2487 1258 2570; x_wconf 85' lang='lat' dir='ltr'><strong>exemplari</strong></span> <span class='ocrx_word' id='word_1_161' title='bbox 1275 2487 1402 2552; x_wconf 85' lang='lat' dir='ltr'><strong>Graeco</strong></span> 
     </span>
     <span class='ocr_line' id='line_1_20' title="bbox 214 2589 1405 2675; baseline -0.001 -19"><span class='ocrx_word' id='word_1_162' title='bbox 214 2601 312 2675; x_wconf 84' lang='lat' dir='ltr'><strong>alque</strong></span> <span class='ocrx_word' id='word_1_163' title='bbox 335 2599 427 2658; x_wconf 83' lang='lat' dir='ltr'><strong>actua</strong></span> <span class='ocrx_word' id='word_1_164' title='bbox 452 2599 624 2674; x_wconf 83' lang='lat' dir='ltr'><strong>aequantes</strong></span> <span class='ocrx_word' id='word_1_165' title='bbox 649 2592 668 2654; x_wconf 93' lang='lat' dir='ltr'><strong>i.</strong></span> <span class='ocrx_word' id='word_1_166' title='bbox 686 2611 712 2656; x_wconf 87' lang='lat' dir='ltr'><strong>e.</strong></span> <span class='ocrx_word' id='word_1_167' title='bbox 729 2611 769 2655; x_wconf 86' lang='lat' dir='ltr'><strong>ex</strong></span> <span class='ocrx_word' id='word_1_168' title='bbox 786 2589 926 2656; x_wconf 81' lang='lat' dir='ltr'><strong>Alazona</strong></span> <span class='ocrx_word' id='word_1_169' title='bbox 942 2590 1092 2655; x_wconf 86' lang='lat' dir='ltr'><strong>videntur</strong></span> <span class='ocrx_word' id='word_1_170' title='bbox 1110 2590 1250 2655; x_wconf 82' lang='lat' dir='ltr'><strong>fluxisse.</strong></span> <span class='ocrx_word' id='word_1_171' title='bbox 1288 2591 1405 2674; x_wconf 90' lang='lat' dir='ltr'><strong>ltaque</strong></span> 
     </span>
     <span class='ocr_line' id='line_1_21' title="bbox 212 2694 1403 2779; baseline -0.001 -21"><span class='ocrx_word' id='word_1_172' title='bbox 212 2695 356 2778; x_wconf 83' lang='lat' dir='ltr'><strong>Langeni</strong></span> <span class='ocrx_word' id='word_1_173' title='bbox 379 2694 412 2779; x_wconf 88' lang='lat' dir='ltr'><strong>(l.</strong></span> <span class='ocrx_word' id='word_1_174' title='bbox 428 2715 455 2759; x_wconf 90' lang='lat' dir='ltr'><strong>c.</strong></span> <span class='ocrx_word' id='word_1_175' title='bbox 477 2717 508 2779; x_wconf 92' lang='lat' dir='ltr'><strong>p.</strong></span> <span class='ocrx_word' id='word_1_176' title='bbox 525 2696 657 2777; x_wconf 72' lang='lat' dir='ltr'><strong>bibaq.)</strong></span> <span class='ocrx_word' id='word_1_177' title='bbox 680 2696 850 2772; x_wconf 86' lang='lat' dir='ltr'><strong>sententia,</strong></span> <span class='ocrx_word' id='word_1_178' title='bbox 879 2715 945 2775; x_wconf 87' lang='lat' dir='ltr'><strong>qua</strong></span> <span class='ocrx_word' id='word_1_179' title='bbox 972 2695 1103 2777; x_wconf 87' lang='lat' dir='ltr'><strong>exponit</strong></span> <span class='ocrx_word' id='word_1_180' title='bbox 1124 2701 1227 2758; x_wconf 91' lang='lat' dir='ltr'><strong>totam</strong></span> <span class='ocrx_word' id='word_1_181' title='bbox 1251 2715 1403 2760; x_wconf 84' lang='lat' dir='ltr'><strong>scaenam</strong></span> 
     </span>
     <span class='ocr_line' id='line_1_22' title="bbox 213 2797 1404 2882; baseline -0.001 -19"><span class='ocrx_word' id='word_1_182' title='bbox 213 2799 440 2882; x_wconf 83' lang='lat' dir='ltr'><strong>interpolatori</strong></span> <span class='ocrx_word' id='word_1_183' title='bbox 456 2799 586 2862; x_wconf 88' lang='lat' dir='ltr'><strong>cuidam</strong></span> <span class='ocrx_word' id='word_1_184' title='bbox 598 2798 839 2862; x_wconf 85' lang='lat' dir='ltr'><strong>attribuendam</strong></span> <span class='ocrx_word' id='word_1_185' title='bbox 856 2819 937 2877; x_wconf 85' lang='lat' dir='ltr'><strong>esse,</strong></span> <span class='ocrx_word' id='word_1_186' title='bbox 952 2799 1016 2862; x_wconf 88' lang='lat' dir='ltr'><strong>iam</strong></span> <span class='ocrx_word' id='word_1_187' title='bbox 1035 2819 1054 2862; x_wconf 91' lang='lat' dir='ltr'><strong>a</strong></span> <span class='ocrx_word' id='word_1_188' title='bbox 1068 2798 1228 2882; x_wconf 90' lang='lat' dir='ltr'><strong>principio</strong></span> <span class='ocrx_word' id='word_1_189' title='bbox 1245 2797 1404 2882; x_wconf 87' lang='lat' dir='ltr'><strong>displicet.</strong></span> 
     </span>
    </p>

    <p class='ocr_par' dir='ltr' id='par_1_4' title="bbox 211 2901 1406 3814">
     <span class='ocr_line' id='line_1_23' title="bbox 300 2901 1403 2984; baseline 0.001 -18"><span class='ocrx_word' id='word_1_190' title='bbox 300 2902 497 2966; x_wconf 83' lang='lat' dir='ltr'><strong>Schniidtius</strong></span> <span class='ocrx_word' id='word_1_191' title='bbox 520 2901 554 2984; x_wconf 87' lang='grc'><strong>(1.</strong></span> <span class='ocrx_word' id='word_1_192' title='bbox 578 2923 604 2965; x_wconf 92' lang='lat' dir='ltr'><strong>c.</strong></span> <span class='ocrx_word' id='word_1_193' title='bbox 627 2923 657 2984; x_wconf 95' lang='lat' dir='ltr'><strong>p.</strong></span> <span class='ocrx_word' id='word_1_194' title='bbox 683 2903 815 2984; x_wconf 86' lang='lat' dir='ltr'><strong>351aq.)</strong></span> <span class='ocrx_word' id='word_1_195' title='bbox 838 2901 1063 2966; x_wconf 88' lang='lat' dir='ltr'><strong>tantummodo</strong></span> <span class='ocrx_word' id='word_1_196' title='bbox 1095 2923 1205 2966; x_wconf 86' lang='lat' dir='ltr'><strong>verena</strong></span> <span class='ocrx_word' id='word_1_197' title='bbox 1233 2907 1403 2967; x_wconf 75' lang='lat' dir='ltr'><strong>cle-765</strong></span> 
     </span>
     <span class='ocr_line' id='line_1_24' title="bbox 213 3004 1403 3087; baseline -0.002 -17"><span class='ocrx_word' id='word_1_198' title='bbox 213 3028 233 3070; x_wconf 90' lang='lat' dir='ltr'><strong>a</strong></span> <span class='ocrx_word' id='word_1_199' title='bbox 250 3013 465 3070; x_wconf 88' lang='lat' dir='ltr'><strong>retractatore</strong></span> <span class='ocrx_word' id='word_1_200' title='bbox 481 3006 622 3087; x_wconf 89' lang='lat' dir='ltr'><strong>quodam</strong></span> <span class='ocrx_word' id='word_1_201' title='bbox 644 3007 784 3070; x_wconf 84' lang='lat' dir='ltr'><strong>insertos</strong></span> <span class='ocrx_word' id='word_1_202' title='bbox 801 3025 871 3070; x_wconf 86' lang='lat' dir='ltr'><strong>esse</strong></span> <span class='ocrx_word' id='word_1_203' title='bbox 888 3027 927 3070; x_wconf 87' lang='lat' dir='ltr'><strong>ex</strong></span> <span class='ocrx_word' id='word_1_204' title='bbox 948 3026 986 3070; x_wconf 92' lang='lat' dir='ltr'><strong>eo</strong></span> <span class='ocrx_word' id='word_1_205' title='bbox 1007 3005 1178 3084; x_wconf 88' lang='lat' dir='ltr'><strong>concludit,</strong></span> <span class='ocrx_word' id='word_1_206' title='bbox 1203 3005 1288 3087; x_wconf 90' lang='lat' dir='ltr'><strong>quod</strong></span> <span class='ocrx_word' id='word_1_207' title='bbox 1304 3004 1403 3070; x_wconf 86' lang='lat' dir='ltr'><strong>talam</strong></span> 
     </span>
     <span class='ocr_line' id='line_1_25' title="bbox 217 3108 1405 3192; baseline -0.001 -19"><span class='ocrx_word' id='word_1_208' title='bbox 217 3110 444 3188; x_wconf 88' lang='lat' dir='ltr'><strong>urbanitatem,</strong></span> <span class='ocrx_word' id='word_1_209' title='bbox 475 3110 604 3192; x_wconf 90' lang='lat' dir='ltr'><strong>qualem</strong></span> <span class='ocrx_word' id='word_1_210' title='bbox 635 3109 668 3174; x_wconf 89' lang='lat' dir='ltr'><strong>in</strong></span> <span class='ocrx_word' id='word_1_211' title='bbox 691 3109 752 3172; x_wconf 91' lang='lat' dir='ltr'><strong>hoc</strong></span> <span class='ocrx_word' id='word_1_212' title='bbox 774 3109 913 3192; x_wconf 82' lang='lat' dir='ltr'><strong>dialogo,</strong></span> <span class='ocrx_word' id='word_1_213' title='bbox 940 3109 1029 3174; x_wconf 90' lang='lat' dir='ltr'><strong>nulla</strong></span> <span class='ocrx_word' id='word_1_214' title='bbox 1059 3111 1092 3172; x_wconf 93' lang='lat' dir='ltr'><strong>in</strong></span> <span class='ocrx_word' id='word_1_215' title='bbox 1119 3109 1231 3173; x_wconf 86' lang='lat' dir='ltr'><strong>fabula</strong></span> <span class='ocrx_word' id='word_1_216' title='bbox 1254 3108 1405 3173; x_wconf 88' lang='lat' dir='ltr'><strong>Plautina</strong></span> 
     </span>
     <span class='ocr_line' id='line_1_26' title="bbox 211 3211 1404 3296; baseline 0 -20"><span class='ocrx_word' id='word_1_217' title='bbox 211 3214 442 3278; x_wconf 83' lang='lat' dir='ltr'><strong>inveniamus..</strong></span> <span class='ocrx_word' id='word_1_218' title='bbox 470 3214 605 3278; x_wconf 88' lang='lat' dir='ltr'><strong>Poetam</strong></span> <span class='ocrx_word' id='word_1_219' title='bbox 635 3221 744 3277; x_wconf 90' lang='lat' dir='ltr'><strong>antem</strong></span> <span class='ocrx_word' id='word_1_220' title='bbox 768 3233 788 3277; x_wconf 89' lang='lat' dir='ltr'><strong>a</strong></span> <span class='ocrx_word' id='word_1_221' title='bbox 812 3213 870 3277; x_wconf 92' lang='lat' dir='ltr'><strong>tali</strong></span> <span class='ocrx_word' id='word_1_222' title='bbox 892 3233 1009 3296; x_wconf 82' lang='lat' dir='ltr'><strong>genere</strong></span> <span class='ocrx_word' id='word_1_223' title='bbox 1033 3212 1161 3278; x_wconf 90' lang='lat' dir='ltr'><strong>dicendi</strong></span> <span class='ocrx_word' id='word_1_224' title='bbox 1185 3211 1404 3292; x_wconf 81' lang='lat' dir='ltr'><strong>abhorruiaro,</strong></span> 
     </span>
     <span class='ocr_line' id='line_1_27' title="bbox 212 3316 1406 3398; baseline 0 -18"><span class='ocrx_word' id='word_1_225' title='bbox 212 3317 297 3398; x_wconf 91' lang='lat' dir='ltr'><strong>quod</strong></span> <span class='ocrx_word' id='word_1_226' title='bbox 319 3316 400 3380; x_wconf 90' lang='lat' dir='ltr'><strong>illud</strong></span> <span class='ocrx_word' id='word_1_227' title='bbox 431 3317 472 3381; x_wconf 89' lang='lat' dir='ltr'><strong>ad</strong></span> <span class='ocrx_word' id='word_1_228' title='bbox 494 3337 600 3382; x_wconf 86' lang='lat' dir='ltr'><strong>mores</strong></span> <span class='ocrx_word' id='word_1_229' title='bbox 623 3317 762 3380; x_wconf 82' lang='lat' dir='ltr'><strong>rusticos</strong></span> <span class='ocrx_word' id='word_1_230' title='bbox 785 3318 1004 3381; x_wconf 90' lang='lat' dir='ltr'><strong>Romanorum</strong></span> <span class='ocrx_word' id='word_1_231' title='bbox 1028 3337 1092 3380; x_wconf 90' lang='lat' dir='ltr'><strong>non</strong></span> <span class='ocrx_word' id='word_1_232' title='bbox 1115 3316 1333 3398; x_wconf 87' lang='lat' dir='ltr'><strong>quadraverit,</strong></span> <span class='ocrx_word' id='word_1_233' title='bbox 1356 3316 1406 3380; x_wconf 86' lang='lat' dir='ltr'><strong>vir</strong></span> 
     </span>
     <span class='ocr_line' id='line_1_28' title="bbox 214 3404 1405 3486; baseline 0 -2"><span class='ocrx_word' id='word_1_234' title='bbox 214 3421 329 3486; x_wconf 82' lang='lat' dir='ltr'><strong>doctus</strong></span> <span class='ocrx_word' id='word_1_235' title='bbox 361 3404 536 3486; x_wconf 78' lang='lat' dir='ltr'><strong>contendit.</strong></span> <span class='ocrx_word' id='word_1_236' title='bbox 592 3422 625 3484; x_wconf 81' lang='lat' dir='ltr'><strong>Si</strong></span> <span class='ocrx_word' id='word_1_237' title='bbox 660 3428 766 3484; x_wconf 89' lang='lat' dir='ltr'><strong>autem</strong></span> <span class='ocrx_word' id='word_1_238' title='bbox 803 3420 938 3484; x_wconf 86' lang='lat' dir='ltr'><strong>Plautus</strong></span> <span class='ocrx_word' id='word_1_239' title='bbox 971 3441 1027 3484; x_wconf 86' lang='lat' dir='ltr'><strong>aaa</strong></span> <span class='ocrx_word' id='word_1_240' title='bbox 1060 3427 1187 3484; x_wconf 90' lang='lat' dir='ltr'><strong>tantum</strong></span> <span class='ocrx_word' id='word_1_241' title='bbox 1221 3419 1405 3484; x_wconf 82' lang='lat' dir='ltr'><strong>comoedias</strong></span> 
     </span>
     <span class='ocr_line' id='line_1_29' title="bbox 214 3523 1405 3606; baseline 0 -18"><span class='ocrx_word' id='word_1_242' title='bbox 214 3525 330 3589; x_wconf 88' lang='lat' dir='ltr'><strong>docere</strong></span> <span class='ocrx_word' id='word_1_243' title='bbox 346 3524 509 3604; x_wconf 84' lang='lat' dir='ltr'><strong>voluisset,</strong></span> <span class='ocrx_word' id='word_1_244' title='bbox 531 3545 615 3606; x_wconf 89' lang='lat' dir='ltr'><strong>qnae</strong></span> <span class='ocrx_word' id='word_1_245' title='bbox 630 3524 672 3588; x_wconf 89' lang='lat' dir='ltr'><strong>ad</strong></span> <span class='ocrx_word' id='word_1_246' title='bbox 689 3545 794 3601; x_wconf 87' lang='lat' dir='ltr'><strong>mores</strong></span> <span class='ocrx_word' id='word_1_247' title='bbox 811 3526 1029 3596; x_wconf 80' lang='lat' dir='ltr'><strong>Romanorum</strong></span> <span class='ocrx_word' id='word_1_248' title='bbox 1047 3523 1257 3605; x_wconf 83' lang='lat' dir='ltr'><strong>quadrarent,</strong></span> <span class='ocrx_word' id='word_1_249' title='bbox 1276 3524 1405 3588; x_wconf 91' lang='lat' dir='ltr'><strong>omnino</strong></span> 
     </span>
     <span class='ocr_line' id='line_1_30' title="bbox 216 3627 1405 3695; baseline 0 -3"><span class='ocrx_word' id='word_1_250' title='bbox 216 3629 296 3694; x_wconf 84' lang='lat' dir='ltr'><strong>aliae</strong></span> <span class='ocrx_word' id='word_1_251' title='bbox 320 3629 448 3694; x_wconf 82' lang='lat' dir='ltr'><strong>fabulas</strong></span> <span class='ocrx_word' id='word_1_252' title='bbox 470 3631 649 3694; x_wconf 72' lang='lat' dir='ltr'><strong>transferre</strong></span> <span class='ocrx_word' id='word_1_253' title='bbox 674 3628 795 3695; x_wconf 88' lang='lat' dir='ltr'><strong>debuit.</strong></span> <span class='ocrx_word' id='word_1_254' title='bbox 841 3629 961 3693; x_wconf 89' lang='lat' dir='ltr'><strong>Poetae</strong></span> <span class='ocrx_word' id='word_1_255' title='bbox 985 3629 1069 3692; x_wconf 88' lang='lat' dir='ltr'><strong>enirn</strong></span> <span class='ocrx_word' id='word_1_256' title='bbox 1092 3648 1195 3692; x_wconf 85' lang='lat' dir='ltr'><strong>novae</strong></span> <span class='ocrx_word' id='word_1_257' title='bbox 1219 3627 1405 3692; x_wconf 90' lang='lat' dir='ltr'><strong>comoediae</strong></span> 
     </span>
     <span class='ocr_line' id='line_1_31' title="bbox 211 3731 1400 3814; baseline -0.002 -18"><span class='ocrx_word' id='word_1_258' title='bbox 211 3732 356 3798; x_wconf 76' lang='lat' dir='ltr'><strong>Graecae</strong></span> <span class='ocrx_word' id='word_1_259' title='bbox 384 3753 436 3796; x_wconf 86' lang='lat' dir='ltr'><strong>rea</strong></span> <span class='ocrx_word' id='word_1_260' title='bbox 458 3739 557 3814; x_wconf 86' lang='lat' dir='ltr'><strong>atque</strong></span> <span class='ocrx_word' id='word_1_261' title='bbox 581 3753 686 3798; x_wconf 84' lang='lat' dir='ltr'><strong>mores</strong></span> <span class='ocrx_word' id='word_1_262' title='bbox 709 3732 870 3811; x_wconf 88' lang='lat' dir='ltr'><strong>lenonum,</strong></span> <span class='ocrx_word' id='word_1_263' title='bbox 897 3733 1114 3810; x_wconf 84' lang='lat' dir='ltr'><strong>meretricum,</strong></span> <span class='ocrx_word' id='word_1_264' title='bbox 1142 3731 1400 3796; x_wconf 82' lang='lat' dir='ltr'><strong>adulescentium</strong></span> 
     </span>
    </p>

    <p class='ocr_par' dir='ltr' id='par_1_5' title="bbox 132 3834 1405 4540">
     <span class='ocr_line' id='line_1_32' title="bbox 209 3834 1405 3918; baseline 0 -20"><span class='ocrx_word' id='word_1_265' title='bbox 209 3837 241 3900; x_wconf 88' lang='lat' dir='ltr'><strong>in</strong></span> <span class='ocrx_word' id='word_1_266' title='bbox 265 3855 415 3900; x_wconf 84' lang='lat' dir='ltr'><strong>venerem</strong></span> <span class='ocrx_word' id='word_1_267' title='bbox 442 3835 618 3900; x_wconf 80' lang='lat' dir='ltr'><strong>effusorum</strong></span> <span class='ocrx_word' id='word_1_268' title='bbox 646 3836 834 3900; x_wconf 83' lang='lat' dir='ltr'><strong>describunt</strong></span> <span class='ocrx_word' id='word_1_269' title='bbox 857 3842 956 3918; x_wconf 89' lang='lat' dir='ltr'><strong>atque</strong></span> <span class='ocrx_word' id='word_1_270' title='bbox 980 3835 1166 3918; x_wconf 80' lang='lat' dir='ltr'><strong>depingunt,</strong></span> <span class='ocrx_word' id='word_1_271' title='bbox 1194 3834 1250 3916; x_wconf 90' lang='lat' dir='ltr'><strong>qui</strong></span> <span class='ocrx_word' id='word_1_272' title='bbox 1273 3835 1315 3898; x_wconf 92' lang='lat' dir='ltr'><strong>ad</strong></span> <span class='ocrx_word' id='word_1_273' title='bbox 1330 3855 1405 3917; x_wconf 89' lang='lat' dir='ltr'><strong>pra·</strong></span> 
     </span>
     <span class='ocr_line' id='line_1_33' title="bbox 132 3923 1404 4021; baseline -0.002 -17"><span class='ocrx_word' id='word_1_274' title='bbox 132 3923 134 3928; x_wconf 34' lang='lat'><strong>¹</strong></span> <span class='ocrx_word' id='word_1_275' title='bbox 211 3961 282 4004; x_wconf 87' lang='lat' dir='ltr'><strong>vam</strong></span> <span class='ocrx_word' id='word_1_276' title='bbox 307 3940 572 4004; x_wconf 88' lang='lat' dir='ltr'><strong>consuetudinem</strong></span> <span class='ocrx_word' id='word_1_277' title='bbox 598 3940 719 4004; x_wconf 86' lang='lat' dir='ltr'><strong>saeculi</strong></span> <span class='ocrx_word' id='word_1_278' title='bbox 742 3939 975 4004; x_wconf 89' lang='lat' dir='ltr'><strong>diadocborum</strong></span> <span class='ocrx_word' id='word_1_279' title='bbox 998 3939 1031 4002; x_wconf 93' lang='lat' dir='ltr'><strong>in</strong></span> <span class='ocrx_word' id='word_1_280' title='bbox 1055 3938 1134 4002; x_wconf 85' lang='lat' dir='ltr'><strong>vitia</strong></span> <span class='ocrx_word' id='word_1_281' title='bbox 1158 3938 1303 4021; x_wconf 85' lang='lat' dir='ltr'><strong>prolapsi</strong></span> <span class='ocrx_word' id='word_1_282' title='bbox 1326 3959 1404 4019; x_wconf 88' lang='lat' dir='ltr'><strong>qua-</strong></span> 
     </span>
     <span class='ocr_line' id='line_1_34' title="bbox 213 4041 1403 4125; baseline -0.003 -17"><span class='ocrx_word' id='word_1_283' title='bbox 213 4043 317 4121; x_wconf 89' lang='lat' dir='ltr'><strong>drant,</strong></span> <span class='ocrx_word' id='word_1_284' title='bbox 342 4043 527 4107; x_wconf 86' lang='lat' dir='ltr'><strong>amoribus</strong></span> <span class='ocrx_word' id='word_1_285' title='bbox 550 4048 659 4109; x_wconf 86' lang='lat' dir='ltr'><strong>autem</strong></span> <span class='ocrx_word' id='word_1_286' title='bbox 676 4043 904 4122; x_wconf 87' lang='lat' dir='ltr'><strong>Romanorum,</strong></span> <span class='ocrx_word' id='word_1_287' title='bbox 929 4043 984 4125; x_wconf 91' lang='lat' dir='ltr'><strong>qni</strong></span> <span class='ocrx_word' id='word_1_288' title='bbox 1000 4041 1108 4105; x_wconf 89' lang='lat' dir='ltr'><strong>Plauti</strong></span> <span class='ocrx_word' id='word_1_289' title='bbox 1126 4049 1240 4105; x_wconf 67' lang='lat' dir='ltr'><strong>,aetate</strong></span> <span class='ocrx_word' id='word_1_290' title='bbox 1263 4041 1403 4119; x_wconf 85' lang='lat' dir='ltr'><strong>fuorunt,</strong></span> 
     </span>
     <span class='ocr_line' id='line_1_35' title="bbox 213 4145 1404 4229; baseline -0.003 -18"><span class='ocrx_word' id='word_1_291' title='bbox 213 4147 399 4211; x_wconf 88' lang='lat' dir='ltr'><strong>abhorrent.</strong></span> <span class='ocrx_word' id='word_1_292' title='bbox 444 4146 565 4210; x_wconf 82' lang='lat' dir='ltr'><strong>Tamen</strong></span> <span class='ocrx_word' id='word_1_293' title='bbox 590 4153 781 4229; x_wconf 82' lang='lat' dir='ltr'><strong>argumenta</strong></span> <span class='ocrx_word' id='word_1_294' title='bbox 804 4147 933 4222; x_wconf 88' lang='lat' dir='ltr'><strong>illarum</strong></span> <span class='ocrx_word' id='word_1_295' title='bbox 962 4146 1147 4210; x_wconf 84' lang='lat' dir='ltr'><strong>fabularum</strong></span> <span class='ocrx_word' id='word_1_296' title='bbox 1172 4145 1404 4208; x_wconf 88' lang='lat' dir='ltr'><strong>translatarum</strong></span> 
     </span>
     <span class='ocr_line' id='line_1_36' title="bbox 212 4247 1404 4334; baseline -0.002 -20"><span class='ocrx_word' id='word_1_297' title='bbox 212 4251 332 4334; x_wconf 89' lang='lat' dir='ltr'><strong>populo</strong></span> <span class='ocrx_word' id='word_1_298' title='bbox 355 4251 500 4316; x_wconf 82' lang='lat' dir='ltr'><strong>Romano</strong></span> <span class='ocrx_word' id='word_1_299' title='bbox 524 4249 725 4333; x_wconf 88' lang='lat' dir='ltr'><strong>placuerunt.</strong></span> <span class='ocrx_word' id='word_1_300' title='bbox 772 4251 886 4332; x_wconf 86' lang='lat' dir='ltr'><strong>ltaque</strong></span> <span class='ocrx_word' id='word_1_301' title='bbox 910 4271 960 4316; x_wconf 91' lang='lat' dir='ltr'><strong>me</strong></span> <span class='ocrx_word' id='word_1_302' title='bbox 985 4249 1115 4332; x_wconf 89' lang='lat' dir='ltr'><strong>qnidam</strong></span> <span class='ocrx_word' id='word_1_303' title='bbox 1143 4248 1249 4314; x_wconf 89' lang='lat' dir='ltr'><strong>iudice</strong></span> <span class='ocrx_word' id='word_1_304' title='bbox 1270 4247 1404 4312; x_wconf 87' lang='lat' dir='ltr'><strong>Plautus</strong></span> 
     </span>
     <span class='ocr_line' id='line_1_37' title="bbox 212 4351 1402 4438; baseline -0.004 -20"><span class='ocrx_word' id='word_1_305' title='bbox 212 4355 324 4420; x_wconf 88' lang='lat' dir='ltr'><strong>eodem</strong></span> <span class='ocrx_word' id='word_1_306' title='bbox 354 4354 424 4419; x_wconf 89' lang='lat' dir='ltr'><strong>iura</strong></span> <span class='ocrx_word' id='word_1_307' title='bbox 455 4354 538 4420; x_wconf 91' lang='lat' dir='ltr'><strong>hanc</strong></span> <span class='ocrx_word' id='word_1_308' title='bbox 569 4375 697 4438; x_wconf 87' lang='lat' dir='ltr'><strong>quoque</strong></span> <span class='ocrx_word' id='word_1_309' title='bbox 730 4375 881 4418; x_wconf 85' lang='lat' dir='ltr'><strong>scaenam</strong></span> <span class='ocrx_word' id='word_1_310' title='bbox 912 4376 985 4418; x_wconf 87' lang='lat' dir='ltr'><strong>curn</strong></span> <span class='ocrx_word' id='word_1_311' title='bbox 1013 4352 1156 4419; x_wconf 86' lang='lat' dir='ltr'><strong>moribus</strong></span> <span class='ocrx_word' id='word_1_312' title='bbox 1185 4351 1402 4416; x_wconf 85' lang='lat' dir='ltr'><strong>Romanorum</strong></span> 
     </span>
     <span class='ocr_line' id='line_1_38' title="bbox 213 4458 1052 4540; baseline 0.007 -18"><span class='ocrx_word' id='word_1_313' title='bbox 213 4459 450 4540; x_wconf 84' lang='lat' dir='ltr'><strong>discrepantem</strong></span> <span class='ocrx_word' id='word_1_314' title='bbox 475 4458 604 4523; x_wconf 89' lang='lat' dir='ltr'><strong>fabulae</strong></span> <span class='ocrx_word' id='word_1_315' title='bbox 628 4459 772 4534; x_wconf 83' lang='lat' dir='ltr'><strong>inserere</strong></span> <span class='ocrx_word' id='word_1_316' title='bbox 794 4464 932 4540; x_wconf 88' lang='lat' dir='ltr'><strong>poterat.</strong></span> <span class='ocrx_word' id='word_1_317' title='bbox 1048 4518 1052 4528; x_wconf 93' lang='lat'>.</span> 
     </span>
    </p>
   </div>
   <div class='ocr_carea' id='block_1_3' title="bbox 0 0 1701 5298">
    <p class='ocr_par' dir='ltr' id='par_1_6' title="bbox 0 0 1701 5298">
     <span class='ocr_line' id='line_1_39' title="bbox 0 0 1701 5298; baseline 0 0"><span class='ocrx_word' id='word_1_318' title='bbox 0 0 1701 5298; x_wconf 95' lang='lat' dir='ltr'><strong> </strong></span> 
     </span>
    </p>
   </div>
  </div>
 </body>
</html>
