3390 5298
797 599 1011 668 ..50-

531 783 632 842 Omnis
655 782 713 842 sibi
739 783 828 841 maile
849 781 957 840 melius
987 795 1164 853 essequam
1188 773 1289 848 alieri,

309 905 402 968 quem
434 882 549 967 Byrria
580 881 778 965 pronuntiat,
811 901 827 943 e
860 877 1037 942 Menandro
1065 898 1134 941 esse
1165 876 1313 960 petitum,
1344 872 1502 956 quoniam

285 987 481 1052 'verisimile
522 986 564 1050 sit
602 983 823 1063 Menandrum,
861 981 1026 1065 Euripidis
1064 981 1261 1046 imitatorem
1308 977 1359 1063 (ci.
1383 999 1416 1059 p.
1442 975 1502 1056 36)

310 1091 406 1155 talem
433 1089 624 1154 sententiam
648 1110 664 1152 e
687 1087 822 1151 Medeae
844 1107 940 1149 versu
963 1089 1020 1150 86:

512 1191 553 1271 ὡς
575 1201 637 1272 πᾶς
659 1219 707 1270 τις
730 1189 835 1258 αὑτὸν
858 1199 919 1257 τοῦ
939 1189 1036 1267 πέλας
1057 1194 1183 1274 μᾶλλον
1206 1193 1297 1270 φιλεῖ

307 1296 522 1362 transtulisse.
568 1295 656 1359 idem
680 1294 787 1358 valere
811 1293 851 1356 de
873 1293 1021 1356 versibus
1045 1293 1179 1376 6401641

352 1405 498 1480 luperam
520 1405 602 1462 molo
624 1405 736 1462 multo?
765 1402 851 1476 niqui
875 1402 987 1475 aliquis
1011 1401 1095 1460 dieat
1117 1400 1173 1458 ‘nil
1188 1396 1417 1473 promoueris':

353 1507 492 1567 Multum:
514 1509 657 1566 molestus
679 1512 763 1565 certe
785 1505 813 1564 ei
835 1502 927 1575 fitero
947 1509 1039 1578 utque
1062 1504 1162 1563 animo
1182 1516 1294 1561 morem
1316 1514 1456 1574 persero,

308 1645 389 1706 quos
412 1623 517 1688 versui
543 1628 623 1689 1297
646 1621 813 1706 Hippolyti
836 1621 1033 1704 respondere
1055 1620 1103 1683 vir
1134 1619 1249 1683 doetus
1273 1616 1454 1680 existimat:

515 1731 623 1793 καίτοι
645 1726 804 1810 apenditia
827 1721 858 1811 γ’
872 1721 983 1805 οὐδέν,
1005 1721 1140 1809 ἀλγυνῶ
1165 1725 1200 1790 δὲ
1225 1724 1269 1789 σὲ.

312 1833 453 1911 Quorum
484 1830 627 1894 locorum
657 1829 750 1908 alter,
780 1835 816 1893 ut
847 1828 1022 1892 Nencinius
1049 1828 1081 1910 (l.
1099 1849 1170 1910 op.
1188 1825 1297 1909 34135)
1329 1821 1503 1898 intellexit,

310 1933 473 2018 proverbii
493 1935 596 1997 instar
619 1939 677 2011 ast,
701 1933 792 1996 euius
815 1932 931 1996 similia
947 1932 1077 2014 saepius
1093 1931 1228 1994 inveniri
1244 1939 1387 2013 possunt,
1411 1933 1501 1997 alter

308 2038 403 2101 nimis
426 2037 534 2101 tritam
558 2035 696 2120 praehet
717 2035 919 2112 sententiam,
943 2040 979 2098 ut
1001 2035 1055 2098 vix
1076 2035 1259 2098 necessario
1284 2055 1323 2097 ex
1341 2034 1501 2119 Euripide

308 2139 503 2225 repetendus
530 2141 579 2204 sit.
618 2140 732 2221 ltaque
753 2137 906 2202 Dziatzlro
932 2137 964 2221 (l.
983 2159 1009 2201 o.
1025 2160 1054 2220 p.
1069 2137 1144 2223 250)
1170 2144 1202 2202 et
1221 2138 1371 2221 Regelius
1383 2142 1417 2222 ¹),
1442 2139 1503 2221 qui

308 2247 341 2308 in
364 2245 481 2309 esteris
503 2243 586 2307 Ihnii
602 2248 713 2326 partes
736 2247 923 2324 sequuntur,
947 2240 1028 2305 haec
1045 2247 1237 2324 argumenta
1261 2242 1345 2306 Ihnii
1368 2263 1427 2326 pro
1450 2244 1503 2305 in-

309 2348 407 2412 oertis
429 2346 560 2411 hahent.
1261 2341 1265 2349 '

395 2451 549 2514 Momenti
573 2450 660 2514 haud
684 2448 816 2514 invalidi
840 2471 910 2514 esse
928 2448 1113 2513 Dniatnlroni
1137 2448 1170 2534 (l.
1188 2470 1213 2513 a.
1230 2472 1260 2532 p.
1280 2448 1355 2534 250)
1370 2448 1503 2512 videtur

309 2553 397 2618 aliud
421 2558 647 2636 argumentum
680 2553 721 2618 ah
744 2554 836 2618 lhnio
860 2555 893 2637 (l.
911 2576 935 2617 e.
952 2577 982 2637 p.
1002 2555 1054 2638 15)
1079 2554 1222 2618 allatum.
1265 2554 1501 2637 Fragmentum

310 2659 393 2722 enim
416 2657 602 2721 Perinthiae
626 2657 668 2721 ah
694 2658 859 2721 Athenaeo
882 2658 958 2741 (Vll
981 2663 1039 2722 301
1058 2657 1132 2742 h)2)
1154 2663 1335 2722 servatum:

516 2760 554 2828 τὸ
577 2765 713 2828 παιδίον
736 2757 765 2828 δ’
786 2764 941 2846 εἰσῆλθεν
963 2761 1107 2847 ἑψητοὺς
1131 2763 1237 2845 φέρον

310 2864 392 2929 bene
415 2863 591 2947 respondet
614 2864 755 2928 Andriae
776 2865 922 2929 versibus
949 2865 1102 2947 3681369ε

521 2973 620 3032 Etiam
637 2989 771 3046 puerum
795 2973 868 3032 inde
891 2972 996 3032 obiens
1019 2973 1149 3032 conueni
1177 2971 1314 3032 Chremi:

388 3135 392 3143 ,
419 3074 535 3135 Hatera
559 3082 589 3134 et
604 3077 774 3150 pisciculos
798 3076 927 3135 arinates
945 3079 1037 3151 ferre
1060 3075 1144 3135 obolo
1167 3077 1198 3134 in
1221 3092 1327 3135 renum
1351 3077 1426 3136 seni.

396 3175 468 3253 Quo
498 3174 681 3256 fragmento
714 3196 784 3238 oum
816 3195 965 3238 scaenam
994 3174 1081 3237 illam
1104 3163 1177 3238 '112
1211 3195 1228 3238 e
1269 3174 1438 3239 Perinthia
1468 3174 1502 3237 in

312 3277 464 3342 Andriam
496 3299 565 3342 esse
596 3278 826 3360 transpositam
858 3276 943 3341 Ihnii
973 3277 1102 3360 quidem
1133 3279 1296 3341 sententia
1323 3277 1501 3354 evincatur,

310 3382 358 3443 vir
382 3381 496 3444 doetus
519 3379 650 3444 Charini
674 3401 802 3462 quoque
824 3386 945 3463 partes,
967 3401 1050 3462 quae
1072 3381 1104 3444 in
1137 3381 1251 3444 eadem
1273 3401 1392 3445 scaena
1415 3385 1502 3457 sunt,

311 3484 517 3548 ePeriuthia
546 3484 578 3546 in
603 3483 757 3546 Andriam
788 3484 965 3548 translatas
996 3505 1066 3548 esse
1096 3483 1268 3548 concludit.
1314 3484 1364 3547 llli
1387 3489 1497 3547 antem

310 3608 422 3650 versus
447 3588 611 3670 (3681369)
642 3607 705 3650 non
729 3607 748 3650 a
771 3586 921 3665 Charino,
952 3586 1008 3651 sed
1031 3609 1050 3651 a
1072 3587 1162 3651 Davo
1193 3588 1323 3651 recitati
1352 3585 1502 3668 partibus

314 3689 445 3754 Charini
477 3696 509 3753 et
532 3689 667 3772 Byrriae
697 3690 836 3773 demptis
865 3697 973 3754 tamen
1003 3691 1035 3756 iu
1066 3690 1178 3755 fabula
1208 3695 1341 3754 restant.
1386 3689 1501 3752 Totam

311 3813 387 3856 vero
417 3792 501 3855 hane
531 3813 681 3856 scaenam
706 3814 722 3856 e
744 3793 909 3857 Perinthia
938 3813 1008 3856 esse
1037 3795 1267 3874 transpositam
1295 3811 1394 3874 nego,
1424 3792 1503 3872 quin

312 3897 409 3959 etiam
437 3917 477 3959 ne
510 3895 583 3959 illos
612 3896 740 3978 quidem
781 3917 893 3960 versus
926 3918 943 3960 e
973 3895 1138 3960 Perinthia
1173 3895 1306 3959 fluxisse
1344 3895 1502 3958 existimo.

312 3999 421 4063 Davus
450 3999 531 4062 enim
565 4020 604 4062 ex
634 4021 680 4077 eo,
713 4000 800 4081 quod
823 4020 958 4082 puerum
994 3998 1125 4077 „holera
1149 4005 1182 4062 et
1203 3998 1376 4081 pisciculos
1401 3997 1503 4059 minu·

399 4172 425 4237 1)
444 4170 476 4224 G.
495 4168 613 4239 Regel
638 4171 692 4224 lc.
712 4174 782 4239 ph:
802 4170 879 4239 „Der
897 4171 1027 4225 tiadanke
1053 4166 1081 4222 in
1107 4170 1161 4223 den
1187 4168 1377 4224 betreffenden
1398 4168 1504 4222 Stellen

311 4258 348 4310 ist
361 4259 405 4310 eiu
419 4275 452 4308 zu
465 4258 642 4327 allgemainer
660 4259 715 4310 und
733 4257 948 4326 gewohnlioher,
969 4257 1009 4309 als
1028 4256 1091 4309 dass
1110 4257 1170 4308 eine
1190 4256 1327 4325 derartige
1346 4253 1506 4324 Folgerung

312 4343 526 4412 gereohtiertigt
546 4343 709 4396 erseheint.“
1489 4343 1491 4348 ’

398 4431 426 4491 2)
446 4429 485 4480 Of.
506 4427 563 4481 l'h.
583 4429 702 4482 Koch:
722 4431 898 4481 Coruieorum
915 4430 1072 4482 Atticorum
1094 4429 1254 4496 fragmenta,
1277 4426 1433 4494 hipslssssss,
1450 4425 1502 4477 III

314 4532 340 4582 p.
355 4517 411 4567 118.
