3390 5298
706 589 921 651 ..21-

304 758 424 822 Contra
434 758 467 822 in
477 759 502 822 Α
514 756 576 823 hoe
587 757 658 842 ipso
671 757 723 823 die
739 758 889 824 mulieres
900 760 986 824 inter
998 760 1186 826 meretrices
1198 759 1404 844 recipientur,

217 867 254 926 ut
274 883 313 927 ex
335 863 381 926 cis
404 861 520 941 verbis,
549 884 633 945 quae
657 862 812 929 Giddenis
838 863 928 942 facit,
958 863 1064 928 elucet
1090 867 1131 948 (v.
1158 868 1404 950 113911140)¹):

377 989 513 1063 Namque
535 990 626 1050 todia
649 1006 754 1050 earam
777 996 971 1050 inurerentur
994 991 1117 1050 nomino

378 1093 592 1167 Fecerentqne
615 1094 772 1169 indignum
791 1100 1087 1168 praemenuerant
1109 1111 1249 1169 corpore.

302 1211 373 1274 Huc
397 1209 531 1288 accedit,
558 1210 644 1292 quod
667 1210 698 1274 in
718 1211 742 1274 B
759 1210 992 1294 Adelphasium
1013 1216 1125 1293 sperat
1148 1231 1219 1275 sese
1244 1232 1302 1294 per
1324 1211 1405 1275 adu·

212 1313 388 1379 lesceutern
401 1314 526 1378 lenonis
538 1314 685 1378 manibus
701 1319 846 1397 ereptum
860 1314 910 1392 iri,
933 1320 1090 1378 utversus
1108 1318 1277 1380 aer-363
1296 1321 1405 1379 osten-

217 1416 306 1481 dunt.
343 1419 547 1482 ludentem
571 1439 717 1482 sororum
741 1439 814 1502 spes
834 1419 867 1481 iu
890 1423 1061 1501 parentum
1084 1417 1206 1482 auxilio
1228 1421 1336 1502 posita
1356 1424 1406 1483 est

215 1520 269 1603 (of.
293 1543 319 1584 v.
347 1522 549 1607 mornaco).
1390 1543 1392 1550 ·

303 1626 392 1703 Quae
408 1646 481 1689 eum
495 1625 542 1689 ita
564 1626 637 1704 sint,
660 1625 740 1689 satis
756 1625 995 1690 demonstrasse
1018 1625 1096 1689 mihi
1119 1625 1230 1689 videor
1253 1625 1403 1689 Plautum

217 1727 394 1792 Poenulum
419 1749 435 1792 e
460 1726 585 1792 duabus
607 1728 727 1793 fabulis
752 1728 886 1794 Graecis
910 1728 1155 1792 contaminasse.
1191 1728 1403 1795 Carchedonii

215 1833 271 1915 (Α)
294 1836 519 1914 argumentum
543 1831 606 1896 luit
627 1832 705 1897 hoc:
736 1831 925 1896 adulescens
948 1831 1098 1914 puellam,
1130 1852 1214 1914 quae
1244 1833 1403 1896 unacum

215 1955 326 1999 sorore
349 1935 382 1999 in
404 1935 529 2000 lenonis
556 1941 719 2020 potestate
749 1942 807 2015 est,
836 1941 933 2000 amat.
979 1935 1048 1999 Hoc
1078 1931 1149 2019 ipso
1173 1935 1224 1999 die
1252 1935 1404 2000 mulieres

215 2039 303 2102 inter
325 2040 512 2104 meretrices
536 2039 742 2122 recipientur.
787 2039 835 2103 Ne
856 2039 937 2104 illud
961 2039 1028 2119 fiat,
1052 2060 1164 2104 servus
1187 2039 1404 2130 adulescentis

215 2140 381 2206 alenonis
413 2163 505 2206 servo
536 2144 655 2206 certior
683 2142 789 2206 factus
818 2142 892 2207 illas
921 2163 1047 2208 sorores
1070 2144 1227 2225 ingenuas
1250 2144 1404 2209 essehoc

214 2245 382 2310 consilium
420 2247 592 2328 excogitat.
648 2245 945 2328 Carthaginiensem
981 2245 1143 2329 quendam
1178 2245 1403 2317 advenientem

214 2355 320 2431 rogat,
343 2354 380 2413 ut
395 2370 521 2413 sorores
536 2349 659 2432 fingens
676 2370 746 2413 sese
768 2348 897 2413 illarum
917 2355 1043 2432 patrem
1060 2369 1131 2414 csse
1152 2349 1262 2413 lenoni
1276 2350 1402 2434 eripiat.

214 2451 316 2516 Paulo
347 2457 422 2535 post
448 2473 576 2517 sorores
609 2474 678 2516 esse
708 2473 802 2516 veras
832 2451 915 2516 filias
946 2451 1222 2535 Carthaginiensis
1256 2460 1402 2536 apparet.

215 2557 443 2634 Agorastocles
468 2556 530 2620 sibi
553 2556 690 2620 amicam
714 2555 901 2639 despondet.

274 2659 358 2724 ·Cui
380 2659 510 2724 fabulae
534 2660 589 2745 (Α)
609 2659 744 2724 Plautus
769 2661 991 2725 contaminans
1002 2659 1029 2746 ²)
1053 2661 1150 2726 aliem
1178 2659 1322 2725 fabulam
1347 2661 1401 2744 (Β)

211 2763 358 2841 inseruit,
388 2765 420 2826 in
444 2784 508 2846 qua
538 2762 728 2828 adulescens
760 2764 964 2828 meretricem
995 2769 1093 2842 amat,
1125 2785 1208 2846 quae
1237 2785 1303 2828 una
1329 2784 1401 2830 cum

211 2889 323 2932 sorore
347 2869 380 2932 in
402 2867 526 2931 lenonis
542 2873 704 2951 potestate
721 2873 778 2932 est.
817 2865 1024 2944 Adulescens,
1048 2888 1244 2950 quamquam
1261 2869 1400 2951 pecunia

212 2971 367 3049 abundat,
395 2991 415 3034 a
438 2969 670 3034 consuetudine
692 2991 751 3054 per
772 2969 921 3034 lenonem
943 2969 1145 3053 prohibetur.
1183 2971 1298 3053 Itaque
1321 2970 1401 3036 adu·

210 3075 362 3140 lescentis
385 3095 507 3152 servus,
529 3078 566 3138 ut
588 3074 743 3138 meretrix
765 3074 872 3138 lenoni
894 3075 1061 3156 eripiatur,
1084 3074 1170 3139 huuc
1186 3073 1293 3139 dolum
1315 3095 1401 3139 com-

210 3178 310 3262 ponit.
357 3178 474 3244 Servus
505 3177 730 3255 adulescentie,
762 3199 856 3260 quem
880 3176 952 3241 leno
979 3177 1118 3260 ignoret,
1149 3178 1260 3242 militis
1282 3179 1400 3243 vestitu

212 3286 347 3346 ornatus
371 3304 391 3345 a
413 3282 528 3346 lenone
549 3283 640 3364 petit,
664 3287 701 3344 ut
723 3280 784 3345 sibi
807 3302 866 3363 pro
883 3287 1017 3363 argento
1035 3281 1111 3345 dato
1133 3281 1240 3345 locum
1262 3282 1400 3346 liberum

210 3391 243 3449 et
266 3386 401 3449 amicam
435 3385 601 3468 praebeat.
647 3385 734 3448 Leno
758 3385 799 3448 ah
824 3383 1030 3449 adulescente
1059 3386 1279 3468 interrogatus
1302 3391 1400 3468 negat

206 3509 278 3553 sese
302 3510 427 3562 servum
453 3490 521 3553 eius
538 3488 667 3553 douram
690 3508 783 3552 suam
807 3488 978 3570 recepisse.
1018 3487 1155 3552 Praetor
1171 3493 1279 3552 autem
1296 3494 1398 3553 totam

207 3589 365 3656 familiam
399 3592 533 3671 lenonis,
570 3593 625 3675 qui
655 3591 745 3672 „auri
775 3598 808 3656 et
837 3591 976 3655 hominis
1011 3591 1063 3656 fur
1093 3592 1165 3671 sit‘,
1200 3591 1400 3657 adulescenti
1476 3582 1480 3590 ⁴

210 3695 342 3760 addicit.

295 3801 496 3879 Quaeramus
519 3822 613 3879 nunc,
638 3799 798 3883 quomodo
814 3799 948 3864 Plautus
971 3798 1044 3864 illas
1068 3799 1148 3864 duas
1173 3797 1300 3864 fabulas
1324 3821 1398 3864 con-

209 3903 345 3967 flaverit.

295 4026 311 4108 ᾗ
335 4028 362 4086 6.
402 4025 456 4088 De
480 4030 578 4088 actu
601 4025 743 4107 primo.
776 3989 988 4107 Inspiciamus
1012 4030 1104 4088 actus
1127 4024 1224 4107 primi
1246 4044 1397 4088 scaenam

211 4127 358 4210 primam.
403 4127 469 4191 Iam
497 4127 703 4192 Franckenus
726 4128 758 4209 (l.
783 4149 808 4191 c.
832 4150 863 4212 p.
892 4128 1039 4212 reapse)
1069 4133 1102 4191 et
1121 4127 1292 4222 Langenus
1314 4127 1347 4210 (l.
1371 4149 1396 4191 c.

295 4335 319 4402 1)
342 4333 406 4388 Hac
425 4335 460 4388 de
480 4336 639 4404 quaestione
658 4337 728 4388 bene
748 4334 901 4403 disputavit
917 4334 947 4387 P.
967 4334 1116 4403 Langen
1139 4333 1156 4386 l.
1171 4351 1193 4387 c.
1213 4352 1240 4402 p.
1251 4336 1396 4388 rae-185.

207 4419 249 4473 ef.
268 4424 413 4488 praeterea
432 4419 501 4475 Leo
520 4422 537 4474 l.
558 4439 581 4474 c.
600 4422 706 4490 p.155;
725 4419 889 4474 Karsten
908 4421 925 4474 l.
945 4438 968 4472 c.
987 4438 1013 4488 p.
1028 4422 1085 4473 363.

291 4505 320 4576 2)
338 4504 379 4561 cf.
397 4505 468 4560 Leo
490 4508 507 4562 l.
527 4524 551 4561 c.
569 4525 596 4577 p.
617 4507 673 4561 154.
