3390 5298
676 559 903 621 -41-.

235 725 436 804 Quaeramus
452 749 544 805 nunc,
569 750 666 812 equo
684 730 860 814 exemplari
880 729 1006 794 Graeco
1029 728 1101 793 finis
1124 727 1219 792 huius
1242 749 1379 792 scaenae

188 829 329 896 fluxerit.
379 833 535 898 Versibus
570 840 630 898 547
648 857 693 917 sq.
726 834 904 899 Pseudolus
938 855 958 896 a
991 833 1178 916 Calliphone
1211 834 1303 915 petit,
1344 838 1380 897 ut

189 936 311 1000 auxilio
330 958 388 1001 suo
410 937 452 1016 id,
475 938 561 1021 quod
585 959 695 1002 servus
719 937 779 1002 sibi
801 937 985 1020 faciendum
1005 938 1175 1020 proposuit
1191 936 1336 1002 adiuvet:

344 1043 394 1104 Dc
416 1047 447 1104 r'a
470 1049 552 1106 leone
576 1049 654 1118 diere
677 1063 811 1122 operum,
840 1046 986 1120 Callipho,
1011 1061 1124 1120 quaeso
1146 1046 1220 1104 mihi

189 1150 224 1207 et
245 1143 390 1228 Callipho
421 1146 589 1209 consilium
619 1167 711 1210 suurn
734 1167 789 1210 rus
813 1146 918 1222 eundi,
949 1145 1035 1228 quod
1056 1145 1125 1209 heri
1148 1145 1243 1227 oepit,
1266 1148 1380 1207 mutat.

189 1247 237 1312 Ut
266 1251 330 1312 iam
362 1249 532 1331 Langenus
563 1250 595 1334 (l.
623 1272 648 1315 c.
670 1273 701 1333 p.
724 1251 816 1332 202),
846 1250 1021 1314 Lorenzius
1047 1249 1109 1333 (ed.
1139 1247 1241 1332 praef.
1271 1270 1302 1331 p.
1324 1247 1380 1326 20)

189 1353 324 1417 Bierma
347 1353 380 1438 (l.
402 1376 426 1419 o.
449 1377 481 1437 p.
498 1359 537 1418 39
555 1355 624 1438 sq.)‚
646 1355 712 1418 Leo
729 1354 762 1440 (l.
786 1376 811 1417 c.
832 1376 862 1438 p.
879 1356 955 1438 348)
971 1358 1174 1432 monuerunt,
1195 1373 1254 1436 per
1276 1356 1381 1416 totam

189 1455 337 1521 fabulam
374 1457 571 1542 Calliphonis
615 1460 736 1523 mentio
777 1461 905 1523 omnino
942 1479 1006 1522 uon
1042 1459 1088 1522 fit.
1141 1458 1257 1541 Itaque
1292 1461 1381 1520 recte

189 1560 323 1625 Bierma
348 1561 383 1646 (l.
406 1583 432 1625 c.
453 1585 483 1645 p.
500 1563 555 1644 87)
581 1567 614 1626 et
643 1564 708 1627 Leo
732 1563 765 1646 (l.
789 1565 829 1646 c.)
852 1563 936 1628 hanc
958 1583 1131 1646 personam
1154 1560 1331 1644 exemplari
1353 1559 1380 1623 B

187 1664 340 1729 tribuunt
372 1666 436 1728 rati
467 1666 618 1731 Plautum
644 1689 715 1730 earn
748 1673 863 1750 postea
892 1669 925 1731 in
954 1688 1105 1730 scaenam
1140 1687 1179 1729 ea
1210 1665 1249 1730 de
1282 1683 1382 1728 causa

189 1788 257 1831 non
281 1768 490 1851 produxisse,
523 1770 611 1852 quod
634 1791 693 1853 per
716 1771 796 1836 alios
821 1776 913 1835 actus
936 1771 1102 1853 exemplar
1126 1771 1153 1834 A
1176 1773 1306 1834 secutus
1329 1767 1381 1831 sit.

278 1872 367 1950 Quae
389 1894 461 1937 cunr
481 1875 529 1937 ita
551 1874 624 1960 sint,
648 1896 699 1938 me
719 1875 847 1956 quidem
870 1875 976 1939 iudice
998 1880 1086 1938 totus
1110 1879 1202 1940 actus
1219 1894 1258 1938 ex
1275 1893 1381 1936 exem·

187 1975 277 2056 plari
314 1975 440 2040 Graeco
476 1977 502 2040 B
540 1978 729 2062 desumptus
765 1985 823 2044 est.
867 1979 968 2042 Poeta
1010 1984 1118 2042 autern
1155 1981 1381 2059 argumentum

188 2080 350 2162 epistolae
382 2083 592 2146 commutavit
619 2089 652 2147 et
677 2103 737 2166 pro
769 2083 969 2166 expositione
1000 2081 1194 2165 exemplaris
1216 2080 1253 2159 B,
1283 2099 1386 2162 quam·

187 2185 292 2248 tertia
306 2205 425 2248 scaena
442 2187 609 2264 continuit,
632 2187 864 2270 expositionem
880 2208 919 2250 ex
941 2186 1118 2269 exemplari
1135 2187 1160 2249 A
1176 2184 1381 2266 desumptam

188 2287 371 2366 transtulit,
394 2295 432 2353 ut
453 2289 514 2353 hoc
530 2290 625 2354 modo
638 2297 745 2354 actum
762 2291 936 2355 secundum
947 2294 1171 2374 praepararet.
1207 2289 1384 2352 Praeterea

187 2391 327 2456 Plautus
361 2414 473 2456 versus
507 2394 621 2480 390192
659 2400 691 2458 et
725 2395 862 2479 taalenu
897 2395 939 2458 ad
974 2399 1166 2476 argumenta
1196 2391 1382 2456 fabularum

187 2496 277 2559 inter
300 2517 334 2560 se
357 2495 558 2561 diversarum
581 2499 804 2580 coniungenda
825 2498 954 2562 videtur
974 2499 1157 2562 inseruisse.

279 2599 438 2678 Quoniam
469 2608 577 2666 aetum
607 2602 782 2666 secundum
820 2624 859 2666 ex
890 2603 1067 2686 exemplari
1099 2605 1124 2666 Α
1157 2602 1288 2666 fluxisse
1316 2601 1382 2663 ianr

190 2726 292 2787 supra
326 2705 550 2788 exposuimus,
585 2707 791 2788 accingamus
825 2728 883 2770 nos
917 2729 1002 2786 nunc
1033 2707 1075 2771 ad
1110 2712 1218 2770 actum
1249 2705 1383 2769 tertium

191 2807 467 2890 perlustrandum.

277 2913 367 2995 §la
413 2912 467 2976 De
500 2919 624 2977 actus
656 2915 785 2978 tertii
816 2917 1133 2998 scaenaprima.
1179 2914 1262 2978 Actu
1284 2913 1382 2976 tertio

191 3016 323 3079 ineunte
353 3017 451 3079 miser
478 3017 634 3099 puerulus
664 3019 696 3080 in
726 3040 876 3082 scaenam
905 3018 1033 3102 prodit‚·
1060 3020 1115 3101 qui
1142 3018 1255 3082 eodem
1287 3016 1382 3079 modo

189 3140 255 3202 quo
287 3121 474 3184 meretrices
504 3122 536 3184 in
567 3143 685 3186 scaena
710 3123 758 3185 12
789 3122 897 3186 lenoni
920 3123 1015 3186 hodie
1038 3145 1153 3186 munus
1177 3122 1256 3186 dare
1275 3122 1382 3184 iussus

195 3230 255 3288 est.
295 3223 449 3300 Queritur
471 3246 542 3289 sese
561 3247 580 3288 a
599 3226 686 3290 nullo
710 3228 822 3303 amari,
846 3228 901 3309 qui
916 3226 978 3290 sibi
999 3228 1169 3309 pecuniam
1192 3225 1255 3290 det.
1294 3225 1384 3302 Quae

191 3348 311 3392 scaena
341 3326 532 3392 brevissima
562 3351 633 3393 cum
666 3323 866 3412 argumento
885 3330 1033 3407 fabulae,
1063 3336 1100 3394 ut
1129 3330 1194 3392 iarn
1220 3329 1382 3412 Sauppius

190 3431 224 3516 (l.
249 3453 274 3494 c.
297 3453 328 3514 p.
346 3433 422 3517 230)
445 3434 579 3510 monuit,
612 3439 680 3497 tam
702 3455 819 3516 parum
844 3434 1006 3512 cohaeret,
1034 3440 1079 3511 ut,
1110 3434 1138 3496 si
1160 3433 1298 3509 deesset,
1318 3452 1382 3495 non

191 3535 445 3600 desideraretur.
490 3537 561 3614 Qua
596 3537 635 3600 de
669 3559 768 3601 causa
802 3538 975 3601 Lorenzius
988 3539 1013 3619 1)
1044 3536 1127 3600 hano
1154 3557 1305 3601 scaenam
1341 3535 1382 3599 ab

191 3638 349 3703 histrione
373 3639 513 3723 quodam
536 3641 693 3704 insertam
717 3662 787 3705 esse
809 3647 868 3724 put
891 3646 914 3704 t.

279 3796 306 3862 1)
324 3795 411 3865 Aug.
430 3795 461 3848 0.
482 3795 534 3848 Fr.
555 3789 768 3850 Lorenzscf.
781 3796 942 3865 Philologus
960 3795 1072 3849 XXXV
1090 3815 1117 3864 p.
1131 3799 1180 3850 173
1198 3801 1227 3849 et
1240 3795 1282 3848 ed.
1295 3795 1383 3864 praef.

191 3882 253 3935 adn.
276 3884 326 3935 23:
347 3881 402 3949 „Es
420 3883 457 3934 ist
474 3881 551 3934 nicht
569 3881 733 3950 ahzusehcn,
751 3901 807 3935 was
827 3883 881 3936 den
899 3882 1014 3936 Plautus
1032 3884 1166 3949 bewogen
1184 3881 1275 3936 haben
1294 3881 1383 3947 sollte,

192 3967 264 4020 nach
283 3969 333 4022 der
351 3969 389 4020 im
407 3973 498 4022 ersten
510 3968 656 4022 Canticum
669 3970 831 4039 gegebenen
849 3987 965 4037 grossen
978 3967 1163 4036 Schilderung
1181 3968 1231 4020 der
1242 3967 1383 4020 Zust'ande

193 4055 231 4106 im
256 4053 352 4107 Hause
377 4054 426 4107 des
451 4054 523 4121 lenc,
548 4055 621 4107 noch
646 4056 707 4109 eine
734 4073 803 4124 ganz
822 4056 1016 4109 unmotivierte
1035 4054 1221 4122 Fortsetzuug
1238 4052 1384 4108 derselben

194 4139 255 4193 hier
273 4159 306 4193 au
327 4142 424 4209 gehen,
448 4141 504 4192 und
522 4159 594 4194 zwar
612 4142 674 4194 eine
693 4141 742 4194 der
760 4142 964 4196 widerlichsten
980 4142 1042 4194 Art.
1078 4140 1136 4194 Der
1154 4157 1222 4208 puer
1241 4140 1277 4192 ist
1295 4139 1384 4192 scfort

195 4227 265 4280 uach
287 4227 432 4281 derselben
450 4227 552 4280 wieder
563 4227 738 4282 verschollen
757 4269 866 4282 .....
884 4227 926 4280 Zu
940 4226 1065 4281 Gunsten
1085 4229 1133 4279 des
1145 4225 1278 4278 Dichters
1297 4225 1384 4280 selhst

192 4313 304 4366 mdchte
329 4331 392 4366 man
417 4313 503 4366 daher
528 4331 612 4382 gerne
639 4316 773 4382 glauben,
800 4315 863 4367 (lass
889 4314 967 4366 nicht
984 4313 1059 4367 bloss
1077 4316 1128 4366 768
1146 4311 1180 4379 R,
1198 4311 1317 4365 sondern
1337 4310 1382 4364 die

194 4415 280 4469 ganzo
307 4398 397 4453 Scene
426 4400 529 4452 unicht
554 4407 641 4462 ware,
670 4401 730 4453 eine
758 4405 868 4468 spatere
896 4398 1291 4468 Schauspielerinterpolation
1320 4415 1383 4456 zum

193 4485 364 4562 Vergniigen
382 4485 432 4538 der
450 4485 619 4556 niedrigsten
638 4485 738 4541 Klassc
757 4486 805 4541 des
823 4484 1009 4540 Publikums.“
