3390 5298
698 575 913 638 ...67-

209 739 425 805 Menandrum
450 747 558 806 autern
582 741 668 807 hunc
691 744 789 810 fuisse
815 745 962 811 Eunuchi
987 745 1109 811 exitum
1135 753 1228 831 puto:
1255 747 1400 814 Chaerea

104 912 106 916 ,
210 844 312 908 domo'
329 867 479 928 egressus
501 846 694 912 Parmencni
717 851 864 933 imperat,
888 856 925 915 nt
945 851 1078 916 fratrem
1103 851 1142 916 de
1166 873 1225 916 sne
1249 859 1281 918 et
1297 853 1399 918 Phae-

209 949 303 1014 driae
326 950 481 1016 felicitate
504 951 674 1016 certiorem
699 953 815 1034 iaciat3
839 953 939 1018 verbe
960 957 1001 1038 (v.
1032 961 1112 1021 1048
1129 956 1189 1041 sq.)

793 1063 983 1136 oluppitcr,

516 1165 613 1224 Seruo
636 1165 762 1226 obsecro
785 1168 862 1226 Ιιαεο
884 1166 963 1228 bonu
988 1155 1096 1227 nobis!

209 1262 347 1346 pulcher
370 1265 485 1342 exitus,
508 1265 565 1328 illa
587 1264 698 1330 fabula
721 1264 846 1347 dignus,
869 1266 969 1330 fuisse
989 1267 1067 1330 mihi
1089 1266 1248 1332 ridentur.

299 1369 458 1447 Quoniam
481 1369 561 1432 setis
594 1368 633 1432 de
657 1368 790 1450 singulis
820 1368 940 1434 fabulis
963 1370 1120 1436 Plautinis
1142 1383 1175 1434 et
1196 1371 1400 1436 Terentiauis

211 1471 361 1544 diximus,
386 1478 496 1551 restat,
519 1476 556 1536 nt
574 1473 690 1556 paucis
711 1472 1031 1556 comprehendamus,
1054 1496 1138 1558 quae
1158 1476 1346 1555 invenimus,
1370 1482 1403 1540 et

211 1596 422 1658 exponamus,
440 1597 552 1658 ·quam
584 1575 743 1641 diversam
767 1577 926 1641 rationem
950 1579 1082 1643 Plautus
1113 1585 1146 1643 et
1175 1579 1345 1644 Terentius
1369 1581 1400 1643 in

209 1678 332 1744 fabulis
355 1679 613 1744 contaminandis
636 1681 739 1746 securti
762 1681 834 1744 sint.

255 1941 292 2023 c.
322 1940 426 2024 ssuae
456 1943 552 2023 ratio
581 1943 846 2024 intercesserit
879 1943 975 2024 inter
1007 1945 1355 2026 contaminationem

522 2065 724 2147 Plautinae
753 2067 794 2148 et
821 2067 1093 2173 Terentianum.

296 2209 389 2291 §tt
421 2206 457 2270 lu
480 2206 542 2270 hac
565 2209 755 2288 quaestione
785 2208 923 2287 primum
958 2204 1087 2289 'quidem
1120 2208 1329 2272 statuendum
1353 2215 1402 2273 est

208 2330 266 2374 eas
282 2316 394 2392 partes
410 2309 474 2393 (Β),
498 2329 579 2392 quas
596 2308 729 2374 Plautus
745 2309 922 2392 exemplari
947 2311 1073 2375 Graeco
1090 2313 1117 2374 Α
1132 2311 1278 2388 inseruit,
1301 2333 1401 2376 unum

209 2413 260 2477 vel
284 2413 366 2477 duos
395 2418 488 2477 actus
519 2414 691 2477 continere.
738 2413 786 2476 Ex
808 2413 987 2496 exemplari
1019 2414 1044 2476 B
1075 2414 1237 2498 desumpti
1270 2416 1401 2478 suntin

211 2517 315 2582 Milite
332 2517 472 2600 glorioso
495 2521 588 2580 actus
602 2517 633 2580 II
656 2520 704 2600 (et
725 2517 793 2580 init.
811 2523 873 2580 act.
889 2517 959 2600 Ill),
983 2517 1015 2581 in
1027 2516 1169 2597 Poenulo
1190 2523 1283 2583 aetus
1305 2519 1329 2597 I,
1345 2519 1400 2598 ΙΙΙ,

207 2622 241 2686 in
261 2621 422 2686 Pseudolo
446 2627 539 2684 actus
563 2621 587 2698 I,
609 2621 664 2686 ΙΙΙ.

295 2725 416 2789 Contra
439 2725 610 2788 Terentina
631 2746 696 2788 non
725 2724 868 2806 singulos
894 2731 995 2802 actus,
1027 2725 1085 2788 sed
1107 2723 1234 2789 tantum
1257 2726 1402 2808 singulas

207 2849 344 2893 scaenas
375 2828 427 2891 vel
459 2835 570 2912 partes
604 2827 804 2908 singularum
836 2847 1029 2892 scaenarum
1064 2828 1242 2912 exemplari
1275 2829 1401 2893 Graeco

208 2932 344 2997 addidit.
395 2931 432 2995 In
471 2930 592 2996 Andria
622 2932 677 3008 ΙΙ,
709 2935 858 2996 20-140
890 2951 907 2995 e
937 2931 1105 2996 Perinthia
1147 2932 1333 3010 Menandri,
1369 2934 1402 2997 in

208 3035 366 3120 Adelphis
389 3035 419 3099 ΙΙ
438 3041 464 3112 Ι,
487 3040 589 3098 1-42
614 3033 1024 3120 eSyhapcthnescontibus
1041 3035 1171 3118 Diphili,
1195 3037 1226 3098 in
1244 3036 1402 3101 Eunucho

209 3141 241 3205 ΙΙ
264 3145 292 3218 2,
319 3143 432 3218 1-35,
460 3139 508 3203 ΙΙΙ
532 3145 558 3218 l,
589 3145 703 3216 5-44,
733 3138 777 3202 ΙΙΙ
801 3145 818 3201 i
847 3159 864 3202 e
887 3137 1003 3203 Colace
1031 3137 1199 3204 Menandri
1229 3140 1403 3205 fluxerunt.

294 3245 439 3326 Uterque
470 3250 569 3326 poeta
591 3263 631 3307 ea
653 3242 692 3306 de
722 3263 822 3307 causa
855 3241 919 3306 duo
949 3243 1149 3325 exemplaria
1168 3242 1297 3308 Graeca
1326 3265 1402 3308 cen·

208 3348 389 3425 taminavit,
412 3353 448 3412 ut
464 3347 607 3412 fabulam
626 3347 748 3410 maiore
762 3348 871 3426 vigore
891 3344 1110 3429 perfunderet.
1141 3347 1245 3424 Quam
1268 3346 1310 3410 ad
1333 3367 1402 3411 rem

208 3451 412 3516 efficiendam
436 3451 571 3514 Plautus
600 3449 777 3533 exemplari
800 3451 827 3513 A
850 3455 1075 3532 argumentum
1105 3449 1241 3514 alterius
1270 3449 1403 3516 fabulae

209 3555 236 3618 B
259 3553 301 3618 ah
325 3558 351 3619 Α
375 3554 606 3619 alienissimum
628 3554 676 3617 ita
699 3553 828 3632 adiecit,
851 3559 889 3617 nt
910 3559 1136 3636 argumentum
1158 3553 1352 3636 exemplaris
1375 3555 1401 3618 Β

207 3660 342 3736 initium,
375 3658 571 3741 exemplaria
595 3657 740 3722 Atinem
767 3655 898 3721 fabulae
932 3658 1121 3721 contineret.
1168 3657 1402 3741 Exemplariss

208 3763 368 3827 adfinem
400 3761 561 3845 quendam
591 3761 748 3844 perducto
772 3767 805 3824 et
836 3760 943 3824 subito
973 3761 1155 3843 interrupto
1185 3760 1352 3843 exemplar
1376 3764 1402 3825 Α

210 3889 281 3931 cum
306 3866 512 3931 antecedenti
533 3865 662 3928 minime
682 3864 860 3928 cohaerens
883 3865 1036 3930 succedit.
1076 3864 1112 3927 ln
1138 3863 1240 3928 Milite
1262 3864 1403 3946 glorioso
1495 3901 1509 3918 ·

209 3977 301 4035 aetus
324 3970 355 4034 ll
386 3969 581 4051 exemplaris
610 3968 636 4031 Β
667 3973 725 4047 est,
757 3969 849 4032 cuius
880 3973 1107 4050 argumentum
1138 3967 1172 4031 id
1201 3972 1338 4050 spectat,
1367 3973 1404 4032 ut

205 4075 334 4157 pariete
356 4074 504 4156 perfosso
521 4078 554 4136 et
569 4071 660 4135 miles
676 4077 709 4134 et
725 4092 836 4136 servus
857 4071 1037 4136 illudentur
1053 4077 1152 4154 atque
1175 4071 1270 4136 militi
1286 4071 1401 4134 mulier

204 4178 374 4260 eripiatur.
420 4177 596 4258 Postquam
620 4195 713 4239 ser-vc
737 4174 848 4256 fugato
872 4176 988 4251 omnia,
1013 4181 1050 4239 ut
1072 4175 1163 4238 miles
1186 4174 1281 4238 simili
1305 4175 1402 4239 modo

203 4286 306 4363 atque
340 4301 451 4345 servus
485 4279 699 4362 deciperetur,
732 4285 933 4361 praeparata
964 4285 1048 4357 sunt,
1083 4299 1201 4342 novum
1235 4278 1401 4360 exemplar

205 4383 363 4459 succedit,
386 4384 419 4445 in
443 4403 506 4464 qno
529 4402 641 4445 servus
662 4383 770 4444 ebrius
793 4381 919 4461 aufugit
943 4389 976 4444 et
997 4381 1088 4444 miles
1108 4380 1243 4445 muliere
1260 4381 1401 4463 quadam

205 4485 350 4570 fingente
373 4505 408 4549 se
433 4505 567 4550 uxerem
586 4484 682 4548 ricini
705 4503 775 4549 esse
797 4482 993 4548 ludificatur.
1038 4485 1074 4548 ln
1096 4482 1239 4549 Poenulo
1261 4488 1354 4548 actus
1377 4484 1402 4566 I,

272 4591 274 4596 .
1154 4583 1188 4638 ὅ,
