3390 5298
647 559 861 620 -61-

253 727 408 812 Sequitur
424 749 508 792 nnnc
533 727 681 794 columna
705 727 854 792 secunda.
890 727 917 792 E
939 749 1017 792 voce
1040 726 1221 814 ,,τρόφιμε“
1241 749 1354 798 versus

167 839 216 910 55,
238 853 323 915 quaa
345 852 503 914 personae
527 832 611 895 inter
633 851 667 895 se
691 831 927 913 colloquantur,
949 831 1158 914 intellegitur.
1197 833 1267 896 lam
1290 833 1354 896 Leo

167 937 199 1021 (l.
223 957 249 998 c.
273 949 303 1019 p.
321 937 398 1018 ets)
421 936 570 1017 exposuit
601 935 760 1017 appellari
789 934 1029 1000 adulescentem
1053 955 1073 997 a
1096 955 1187 999 servo
1214 934 1355 1017 quodam

164 1041 286 1103 maiore
321 1045 409 1102 natu.
454 1038 490 1101 In
523 1059 619 1106 versu
653 1044 693 1101 47
725 1038 873 1118 ,,Θάσια“
907 1043 1208 1104 commemorantur.
1254 1038 1355 1102 Recte

165 1143 318 1218 Alfredus
341 1141 554 1206 Kretschmar
566 1143 590 1224 ¹)
622 1141 856 1206 demonstravit
884 1143 940 1206 illa
962 1141 1111 1224 ,,Θάσια“
1135 1141 1233 1206 cados
1257 1142 1355 1224 signi-

164 1230 264 1310 ficare
280 1247 352 1310 vino
368 1245 487 1309 Thasio
507 1245 694 1327 completos.
732 1245 929 1310 Adulescens
952 1247 1060 1327 igitur,
1077 1251 1114 1310 nt
1137 1245 1178 1308 ad
1201 1265 1356 1327 magnum

161 1349 242 1413 illud
270 1351 464 1425 convivium,
494 1349 580 1432 quod
607 1370 706 1432 supra
732 1347 998 1428 hommemoravi,
1029 1349 1152 1432 aliquid
1183 1349 1355 1425 conferret,

162 1473 237 1515 cum
268 1473 361 1516 servo
391 1453 424 1515 in
453 1452 524 1516 foro
553 1453 661 1517 vinum
692 1455 809 1516 coemit
838 1459 935 1534 atque
965 1454 1056 1517 initio
1088 1452 1219 1516 fabulae
1248 1451 1354 1517 rediit.

161 1556 347 1620 Verisimile
370 1560 419 1620 est
442 1577 514 1620 eum
539 1558 571 1620 in
594 1555 664 1620 foro
688 1577 817 1640 quoque
848 1556 983 1620 militem
1006 1555 1139 1634 vidisse,
1172 1555 1212 1620 de
1236 1557 1355 1638 quoin

162 1660 315 1724 columna
330 1661 436 1742 prima
451 1659 551 1724 verba
566 1660 652 1724 fecit.
690 1660 784 1724 Biam
807 1666 917 1724 autem
939 1659 1157 1724 comitabatur
1181 1658 1355 1738 Struthias,

157 1762 216 1826 ille
253 1765 434 1846 parasitus,
470 1766 525 1847 qni
558 1764 704 1842 divitias,
742 1764 962 1847 splendorem,
1000 1763 1162 1826 luxuriam
1200 1767 1352 1827 ostentat.

160 1856 320 1930 Columna
343 1867 484 1931 secunda
508 1866 549 1930 ab
573 1868 790 1932 adulescentis
812 1867 919 1932 verbis
943 1868 1064 1949 incipit,
1095 1888 1179 1949 quae
1202 1867 1242 1930 ad
1259 1888 1356 1950 para-

159 1970 259 2034 situm
284 1969 456 2035 referenda
478 1977 552 2034 sunt
574 1974 614 2055 (v.
637 1973 794 2055 42—44):

296 2071 448 2158 „orithia
469 2073 687 2162 ἐπλούτησ]εν
709 2075 831 2161 ταχέως
854 2078 980 2154 δίκαιος
1007 2072 1066 2141 cdv·

296 2175 313 2244 ὁ
335 2178 411 2263 μὲ[ν
433 2177 496 2264 γὰρ
519 2177 610 2268 αὑτῷ
633 2180 797 2265 cumipse
819 2181 874 2246 καὶ
897 2182 1057 2263 φείδεται,
1076 2231 1077 2236 ,

273 2278 313 2356 ,h
336 2282 371 2349 di
396 2280 469 2364 τ[ὸν
491 2280 590 2349 πάλαι
613 2283 782 2368 rancida?
807 2281 1003 2368 ἐνεδρεύσας
1024 2281 1119 2349 πάντ’
1144 2281 1230 2366 [ἔχει.

189 2395 192 2398 ’
251 2402 380 2479 Quanto
403 2408 512 2466 autem
536 2403 609 2466 odio
633 2405 771 2486 parasiti
794 2403 926 2468 Phidias
950 2403 1074 2480 ardeat,
1099 2423 1138 2466 ex
1162 2422 1199 2465 eo
1222 2423 1355 2483 cognos-

161 2506 278 2584 cimus
302 2505 388 2588 quod
405 2506 493 2582 dicit,
516 2527 596 2585 sese,
620 2508 681 2570 nisi
697 2509 837 2590 suspicio
854 2507 1023 2570 ebrietatis
1044 2512 1118 2570 orta
1142 2512 1236 2584 esset,
1259 2527 1356 2588 para·

160 2610 262 2672 situm
296 2611 367 2673 istis
401 2609 507 2672 verbis
542 2611 781 2702 contumeliosis
812 2612 845 2674 in
878 2610 949 2674 foro
983 2615 1232 2692 prosecuturum
1257 2609 1357 2673 fuisse

160 2716 206 2797 (v.
231 2713 391 2795 ‹re-asp

311 2813 495 2901 ἅνθρωπῂ,
518 2817 701 2902 π]ἑ[ρυσι]ν
723 2817 852 2904 πτωχὸς
875 2807 963 2902 ᾖσθα
985 2819 1040 2884 καὶ
1064 2816 1191 2902 νεκρός,

313 2921 417 3004 vasli]
440 2921 476 2987 δὲ
497 2921 693 3005 nicoſtrato}
717 2921 789 3006 λέγε
812 2921 878 2988 τίν’
895 2921 1050 3006 εἰργάζου
1074 2921 1202 3006 τέχνην.

311 3024 412 3089 τοῦτό
436 3023 468 3108 γ’
485 3020 704 3110 ἀπόκρ1ιν]αι·
728 3024 835 3091 πόθεν
858 3025 940 3108 ἔχεις
962 3033 1086 3104 ruham·

815 3125 877 3194 οὐκ
900 3123 994 3208 diuet,

312 3231 347 3296 ἐκ
372 3238 429 3314 τῆς
451 3227 576 3315 ἀγορᾶς
597 3231 675 3314 ἐλ]ῶ
696 3248 745 3297 σε·
769 3236 801 3298 τί
824 3229 989 3310 διδάσκεις
1012 3229 1115 3311 κακά,·

312 3338 344 3400 τί
365 3333 571 3419 λυσιτελεῖ<ν)
596 3331 676 3419 ἡμῖν
699 3330 898 3420 ἀποφαίνεις
920 3330 1087 3414 eternae,-

254 3453 361 3518 Verha
377 3455 470 3531 servi,
494 3474 578 3536 quae
593 3460 781 3536 sequnntur,
806 3453 846 3517 ad
871 3460 1096 3537 argumentum
1119 3453 1251 3518 fabulae
1275 3454 1356 3519 adeo

165 3580 230 3622 non
252 3559 426 3640 pertinent,
448 3563 485 3621 ut
507 3557 634 3621 silentio
658 3579 697 3620 ea
718 3563 933 3640 praeteream.

249 3661 285 3724 In
316 3662 464 3742 sequenti
496 3661 645 3724 columna
674 3661 820 3725 lenonem
851 3683 924 3725 cum
955 3662 1097 3744 hospite,
1127 3663 1183 3743 qui
1211 3663 1240 3725 ei
1262 3660 1357 3726 modo

166 3765 317 3842 suaserit,
340 3770 377 3827 nt
393 3765 595 3828 meretricem
620 3785 639 3826 a
662 3764 786 3830 duobus
810 3764 1071 3828 adulescentibus
1096 3771 1239 3828 amatam
1263 3764 1359 3828 alteri

163 3868 292 3945 vendat,
314 3888 495 3931 sermonem
517 3866 638 3931 habere
660 3868 724 3931 Leo
746 3869 779 3952 (l.
793 3891 819 3932 c.
842 3891 876 3951 p.
893 3869 1023 3953 674178)
1046 3889 1063 3930 e
1083 3868 1231 3932 uersibus
1256 3873 1295 3932 89
1309 3889 1357 3949 sq.

162 3971 332 4036 conclusit.
378 3971 461 4048 Quin
491 3969 538 4033 illi
572 3970 707 4044 rivales,
738 3972 777 4034 sle
807 3971 925 4054 quibus
955 3972 1026 4034 leno
1058 3953 1090 4034 et
1117 3970 1233 4053 hospes
1258 3970 1358 4034 verba

161 4074 297 4154 faciunt,
321 4074 453 4137 Phidias
470 4081 503 4137 et
514 4074 591 4136 Bias
608 4076 680 4153 sint,
703 4077 755 4138 vix
779 4074 922 4138 dubitari
944 4081 1061 4156 potest.
1096 4075 1160 4138 Sed
1183 4074 1224 4137 ad
1247 4095 1359 4138 versus

160 4179 251 4260 ipsos
285 4199 343 4241 nos
376 4183 550 4241 vertamus.
595 4177 808 4242 Kretschnrar
827 4179 860 4262 (l.
885 4199 910 4240 o.
934 4199 964 4259 p.
982 4181 1036 4260 73)
1057 4177 1157 4240 verba
1179 4177 1308 4268 lenonis
1326 4179 1359 4240 in

154 4436 155 4439 ,
254 4389 277 4450 l)
299 4383 612 4438 A.Krotschrnar:
641 4385 684 4438 De
704 4385 851 4438 Menandri
870 4385 992 4451 reliqniis
1013 4402 1100 4452 nnper·
1124 4386 1250 4452 repertis,
1282 4383 1357 4453 Lips.

163 4474 243 4539 1906,
263 4490 289 4540 p.
304 4475 345 4524 70.
