3390 5298
707 585 923 646 ..45-

308 755 385 820 Cum
410 775 509 820 eausa
532 755 674 820 secunda
696 755 761 819 iam
784 753 932 818 versibus
958 759 1166 820 raas-1245
1191 775 1345 838 expressa
1369 756 1412 819 sit

219 865 255 924 et
281 879 391 924 versus
417 858 597 944 128311284
619 857 702 923 bene
725 879 852 922 versum
878 863 959 922 1245
990 858 1082 940 sequi
1103 858 1238 940 possint,
1271 857 1335 922 Leo
1351 858 1412 922 hoc

217 965 381 1027 canticum
406 965 648 1046 (laco—1282)
672 983 692 1028 a
716 962 831 1026 Plauto
861 963 931 1044 ipso
961 961 1106 1026 additum
1141 982 1211 1025 esse
1237 961 1409 1026 existimat.

217 1065 283 1130 Sed
298 1067 346 1130 vir
363 1066 477 1130 doctus
490 1067 553 1130 hoc
574 1066 646 1130 loco
667 1065 740 1130 illos
756 1087 868 1130 versus
884 1066 978 1130 nimis
1000 1065 1158 1148 pressisse
1178 1064 1256 1128 milri
1272 1064 1408 1130 videtur.

142 1235 145 1240 ,
217 1169 399 1235 Pseudolus
416 1171 595 1235 convivium
619 1170 760 1252 reliquit,
785 1168 1005 1254 ut'crapulam
1022 1174 1195 1233 amoveret.
1233 1168 1409 1251 Postquam

214 1297 278 1358 per
308 1295 419 1338 versus
454 1278 662 1341 lala-1282
696 1295 730 1338 se
762 1275 825 1337 iam
855 1273 987 1357 paulum
1022 1273 1146 1351 refecit,
1180 1271 1287 1336 subito
1320 1272 1348 1335 ei
1378 1273 1411 1335 in

216 1385 359 1443 mentem
391 1378 479 1443 venit
508 1399 615 1444 senem
646 1376 707 1442 sibi
735 1377 847 1460 viginti
878 1377 980 1442 minas
1012 1375 1139 1440 debere.
1187 1377 1302 1458 ltaque
1325 1397 1411 1440 nunc

215 1483 282 1560 „ad
303 1503 392 1546 erum
409 1482 564 1546 maiorem
588 1481 702 1546 foedus
718 1485 1024 1546 commemoratum“
1041 1480 1089 1544 ire
1106 1479 1283 1544 constituit.
1321 1478 1411 1544 Haec

138 1647 141 1651 .
216 1607 338 1650 scaena
361 1606 424 1649 non
441 1606 460 1649 a
476 1584 592 1650 Plauto
615 1585 656 1649 de
678 1605 737 1649 suo
760 1580 874 1648 addita
897 1605 987 1662 esse,
1000 1583 1057 1648 sed
1078 1583 1199 1667 optime
1216 1581 1258 1646 ad
1274 1602 1408 1648 scaenas

217 1688 450 1754 antecedentes
466 1688 638 1771 quadrare,
667 1689 745 1771 quin
762 1689 859 1776 etiam
876 1680 1002 1752 scaenis
1025 1686 1293 1752 antecedentibus
1316 1706 1411 1769 prae·

216 1799 339 1876 parata
362 1814 432 1858 esse
456 1793 533 1857 mihi
558 1792 685 1857 videtur
707 1793 758 1856 his
781 1793 820 1856 de
845 1792 959 1856 causis.

310 1896 358 1960 Illi
383 1897 466 1960 enim
489 1896 634 1961 convivio
656 1904 788 1980 praeter
812 1894 1003 1959 Pseudolum
1020 1916 1172 1959 unacum
1192 1894 1413 1958 Phoenicioet

220 2001 364 2064 Charino
388 2000 520 2064 Simiam
553 2021 682 2083 quoque
711 2000 869 2064 interesse
892 2020 908 2063 e
932 2019 1027 2063 versu
1055 2004 1132 2063 1051
1168 2003 1314 2082 apparet,
1347 2018 1411 2080 quc

217 2104 401 2168 Pseudolus
421 2104 592 2168 Phoenicio
615 2110 648 2168 et
670 2103 788 2168 Simiae
812 2103 903 2168 dicit:

425 2212 472 2270 Ite
493 2214 561 2284 hac,
586 2213 747 2286 triumphe,
771 2214 814 2272 cd
836 2213 1018 2272 cantharam
1040 2217 1127 2270 recta
1149 2211 1211 2270 ala.

307 2329 375 2393 lam
387 2328 534 2394 versibus
547 2329 685 2412 946)949
701 2328 877 2393 Pseudolus
900 2329 1049 2412 promisit
1065 2349 1135 2392 sese
1148 2328 1280 2392 Simiam
1298 2347 1412 2410 accep·

218 2439 330 2496 turum
355 2453 425 2496 esse

218 2537 311 2619 (947)
326 2539 441 2614 Lepido
465 2540 557 2612 uictu,
582 2543 663 2612 uino,
687 2542 851 2616 unquentis
875 2547 904 2600 et
925 2533 1006 2600 later
1026 2543 1138 2615 poculo
1157 2541 1373 2615 putrescentis.

218 2641 311 2724 (948)
322 2645 438 2704 Ibidem
450 2662 513 2704 aaa
524 2645 628 2704 oderat
638 2646 747 2704 mulier
760 2646 874 2719 lepida,
886 2645 1038 2706 cibiraton
1049 2661 1145 2718 super
1156 2645 1247 2704 sauia
1260 2661 1339 2720 quoe
1352 2646 1411 2704 det.

309 2761 381 2825 Huc
403 2768 553 2846 spectant
575 2761 684 2838 verba,
707 2782 790 2844 quae
814 2761 968 2826 hocloco
991 2761 1070 2826 lacit
1091 2761 1276 2841 Pseudolus,
1301 2763 1356 2844 qui
1379 2763 1412 2824 in

220 2886 371 2930 scaenam
388 2865 508 2948 prodit,
529 2873 702 2948 postquam
730 2869 802 2929 Illos
825 2870 1003 2930 accubantis
1023 2871 1159 2945 poteolis·
1182 2870 1313 2929 amanlis
1342 2869 1412 2928 Cum

218 2975 331 3034 scortis
354 2969 486 3051 reliquit
515 2970 556 3053 (v.
584 2971 786 3053 1270)]277),
822 2972 876 3033 Ubi
899 2991 1005 3034 caucos
1033 2976 1223 3048 complexum
1252 2981 1412 3045 amantem,

217 3079 273 3137 ubi
295 3078 385 3138 labro
410 3080 453 3137 cd
473 3077 584 3137 labello
606 3072 660 3156 (cf.
682 3074 771 3136 savia
794 3095 820 3136 v.
843 3075 919 3158 948)
942 3079 1084 3151 adiuuet!
1106 3078 1147 3157 (v.
1177 3075 1281 3156 1259).
1331 3128 1333 3132 .

307 3176 419 3259 Neque
449 3176 555 3239 vinum
577 3178 618 3260 (v.
642 3179 718 3258 947)
740 3176 880 3240 defuisse
911 3196 1023 3240 versus
1055 3177 1233 3261 1262)]263
1265 3175 1411 3240 edocent.

220 3284 356 3358 Lepidus
385 3285 485 3343 uictus
513 3285 622 3343 autem
652 3285 685 3342 et
713 3290 871 3360 anpuemu
899 3283 939 3362 (v.
965 3282 1041 3362 947)
1065 3279 1184 3343 eisdem
1211 3278 1280 3343 fere
1303 3279 1411 3343 verbis

219 3389 514 3448 commemorantur
537 3382 683 3448 versibus
710 3385 845 3466 1265)67

434 3508 594 3584 dequesta
616 3515 708 3583 atque
732 3511 852 3580 odoret,
876 3510 1046 3580 teterrimos,
1070 3511 1201 3569 corollas

429 3613 508 3672 Dari
532 3612 686 3686 dapsiles:
706 3629 766 3671 noar
792 3613 871 3671 enirn
891 3629 989 3687 perce
1007 3613 1110 3687 promi

434 3715 519 3775 Victa
543 3722 644 3774 cetero
668 3717 776 3790 nequis
798 3733 845 3774 me
867 3722 963 3790 rouel.

307 3833 396 3910 Quae
414 3854 486 3897 oum
502 3833 550 3896 ita
567 3833 641 3910 sint,
661 3853 780 3896 scaeua
796 3832 822 3896 V
839 3838 853 3896 l
872 3838 948 3896 actu
965 3837 1082 3914 quarto
1099 3853 1204 3922 paene
1220 3831 1260 3896 ad
1279 3832 1413 3896 verbum

220 3942 420 4020 praeparata
444 3935 572 3999 videtur
595 3956 674 4000 esse.
720 3936 802 4018 Quin
824 3935 881 3998 illa
904 3955 1022 3999 scaeua
1051 3936 1193 4000 eiusdem
1218 3936 1413 4018 exemplaris

221 4040 339 4104 Graeci
365 4045 463 4122 atque
487 4045 579 4102 actus
606 4045 741 4122 quartus
764 4040 783 4101 i.
802 4059 827 4101 e.
845 4039 1039 4121 exemplaris
1057 4043 1081 4102 Α
1099 4040 1150 4117 sit,
1173 4038 1229 4102 illa
1255 4039 1414 4102 decanea

219 4165 283 4208 non
308 4143 430 4208 dubito

306 4285 397 4366 §lta
435 4281 489 4344 De
511 4288 626 4344 actus
650 4281 790 4363 quinti
814 4301 967 4344 scaena
989 4280 1135 4344 altera.
1175 4280 1331 4344 Scaeuam
1356 4280 1412 4343 V2

225 4386 366 4449 eiusdem
401 4383 596 4466 exemplaris
620 4383 736 4447 Graeci
769 4390 866 4466 atque
897 4405 1045 4447 scaenam
1071 4383 1313 4446 aritecedeutem
1343 4390 1437 4447 esse'

221 4489 270 4552 vel
295 4511 333 4553 ex
358 4510 395 4552 eo
421 4488 604 4567 concludas,
628 4488 714 4572 quod
735 4487 911 4552 Pseudolus
934 4495 970 4552 ut
993 4490 1024 4550 iu
1050 4488 1075 4549 V
1098 4495 1105 4550 l
1134 4488 1181 4550 ita
1203 4487 1264 4550 hac
1285 4507 1413 4572 quoque
