<?xml version="1.0" encoding="UTF-8"?>
<!DOCTYPE html PUBLIC "-//W3C//DTD XHTML 1.0 Transitional//EN"
    "http://www.w3.org/TR/xhtml1/DTD/xhtml1-transitional.dtd">
<html xmlns="http://www.w3.org/1999/xhtml" xml:lang="en" lang="en">
 <head>
  <title>
</title>
<meta http-equiv="Content-Type" content="text/html;charset=utf-8" />
  <meta name='ocr-system' content='tesseract 3.04.00' />
  <meta name='ocr-capabilities' content='ocr_page ocr_carea ocr_par ocr_line ocrx_word'/>
</head>
<body>
  <div class='ocr_page' id='page_1' title='image "./decontamination00waltgoog_0063.png"; bbox 0 0 3390 5298; ppageno 0'>
   <div class='ocr_carea' id='block_1_1' title="bbox 782 544 996 606">
    <p class='ocr_par' dir='ltr' id='par_1_1' title="bbox 782 544 996 606">
     <span class='ocr_line' id='line_1_1' title="bbox 782 544 996 606; baseline 0 -16"><span class='ocrx_word' id='word_1_1' title='bbox 782 544 996 606; x_wconf 70' lang='lat'><strong>„55-</strong></span> 
     </span>
    </p>
   </div>
   <div class='ocr_carea' id='block_1_2' title="bbox 296 710 1488 3490">
    <p class='ocr_par' dir='ltr' id='par_1_2' title="bbox 296 710 1488 1419">
     <span class='ocr_line' id='line_1_2' title="bbox 383 710 1487 803; baseline -0.001 -26"><span class='ocrx_word' id='word_1_2' title='bbox 383 713 488 778; x_wconf 90' lang='lat' dir='ltr'><strong>Aliam</strong></span> <span class='ocrx_word' id='word_1_3' title='bbox 531 713 688 778; x_wconf 88' lang='lat' dir='ltr'><strong>rationem</strong></span> <span class='ocrx_word' id='word_1_4' title='bbox 728 712 873 797; x_wconf 81' lang='lat' dir='ltr'><strong>Kauerl)</strong></span> <span class='ocrx_word' id='word_1_5' title='bbox 908 713 1117 796; x_wconf 85' lang='lat' dir='ltr'><strong>excogitavit:</strong></span> <span class='ocrx_word' id='word_1_6' title='bbox 1163 711 1358 803; x_wconf 80' lang='lat' dir='ltr'><strong>Aeschinum</strong></span> <span class='ocrx_word' id='word_1_7' title='bbox 1397 710 1487 796; x_wconf 90' lang='lat' dir='ltr'><strong>apud</strong></span> 
     </span>
     <span class='ocr_line' id='line_1_3' title="bbox 296 816 1486 901; baseline -0.003 -18"><span class='ocrx_word' id='word_1_8' title='bbox 296 817 510 884; x_wconf 79' lang='lat' dir='ltr'><strong>Menandrum</strong></span> <span class='ocrx_word' id='word_1_9' title='bbox 533 817 616 882; x_wconf 90' lang='lat' dir='ltr'><strong>olam</strong></span> <span class='ocrx_word' id='word_1_10' title='bbox 646 838 705 900; x_wconf 93' lang='lat' dir='ltr'><strong>per</strong></span> <span class='ocrx_word' id='word_1_11' title='bbox 734 817 939 901; x_wconf 82' lang='lat' dir='ltr'><strong>angiportum</strong></span> <span class='ocrx_word' id='word_1_12' title='bbox 964 817 1110 882; x_wconf 80' lang='lat' dir='ltr'><strong>Minionis</strong></span> <span class='ocrx_word' id='word_1_13' title='bbox 1143 818 1272 882; x_wconf 91' lang='lat' dir='ltr'><strong>domum</strong></span> <span class='ocrx_word' id='word_1_14' title='bbox 1303 816 1486 882; x_wconf 83' lang='lat' dir='ltr'><strong>revertisse.</strong></span> 
     </span>
     <span class='ocr_line' id='line_1_4' title="bbox 296 919 1487 1004; baseline -0.002 -18"><span class='ocrx_word' id='word_1_15' title='bbox 296 923 331 987; x_wconf 85' lang='lat' dir='ltr'><strong>Si</strong></span> <span class='ocrx_word' id='word_1_16' title='bbox 354 927 463 986; x_wconf 91' lang='lat' dir='ltr'><strong>autem</strong></span> <span class='ocrx_word' id='word_1_17' title='bbox 486 942 522 985; x_wconf 92' lang='lat' dir='ltr'><strong>re</strong></span> <span class='ocrx_word' id='word_1_18' title='bbox 543 942 620 986; x_wconf 89' lang='lat' dir='ltr'><strong>vcra</strong></span> <span class='ocrx_word' id='word_1_19' title='bbox 642 919 819 985; x_wconf 83' lang='lat' dir='ltr'><strong>Menander</strong></span> <span class='ocrx_word' id='word_1_20' title='bbox 842 941 910 986; x_wconf 85' lang='lat' dir='ltr'><strong>rem</strong></span> <span class='ocrx_word' id='word_1_21' title='bbox 933 922 980 986; x_wconf 86' lang='lat' dir='ltr'><strong>ila</strong></span> <span class='ocrx_word' id='word_1_22' title='bbox 999 921 1200 998; x_wconf 75' lang='lat' dir='ltr'><strong>instituisset,</strong></span> <span class='ocrx_word' id='word_1_23' title='bbox 1232 926 1348 1004; x_wconf 90' lang='lat' dir='ltr'><strong>poetas</strong></span> <span class='ocrx_word' id='word_1_24' title='bbox 1371 920 1487 985; x_wconf 86' lang='lat' dir='ltr'><strong>fuisset</strong></span> 
     </span>
     <span class='ocr_line' id='line_1_5' title="bbox 296 1023 1485 1108; baseline -0.002 -18"><span class='ocrx_word' id='word_1_25' title='bbox 296 1030 490 1108; x_wconf 80' lang='lat' dir='ltr'><strong>spectantes,</strong></span> <span class='ocrx_word' id='word_1_26' title='bbox 519 1024 710 1107; x_wconf 89' lang='lat' dir='ltr'><strong>priusquam</strong></span> <span class='ocrx_word' id='word_1_27' title='bbox 733 1024 852 1088; x_wconf 85' lang='lat' dir='ltr'><strong>Sannio</strong></span> <span class='ocrx_word' id='word_1_28' title='bbox 884 1025 916 1088; x_wconf 92' lang='lat' dir='ltr'><strong>in</strong></span> <span class='ocrx_word' id='word_1_29' title='bbox 945 1045 1095 1089; x_wconf 80' lang='lat' dir='ltr'><strong>scaenam</strong></span> <span class='ocrx_word' id='word_1_30' title='bbox 1124 1024 1279 1108; x_wconf 87' lang='lat' dir='ltr'><strong>prodiret,</strong></span> <span class='ocrx_word' id='word_1_31' title='bbox 1308 1023 1347 1088; x_wconf 92' lang='lat' dir='ltr'><strong>de</strong></span> <span class='ocrx_word' id='word_1_32' title='bbox 1378 1023 1485 1088; x_wconf 91' lang='lat' dir='ltr'><strong>reditu</strong></span> 
     </span>
     <span class='ocr_line' id='line_1_6' title="bbox 296 1126 1488 1212; baseline -0.001 -19"><span class='ocrx_word' id='word_1_33' title='bbox 296 1129 452 1194; x_wconf 80' lang='lat' dir='ltr'><strong>certiores</strong></span> <span class='ocrx_word' id='word_1_34' title='bbox 490 1127 607 1192; x_wconf 87' lang='lat' dir='ltr'><strong>lacere.</strong></span> <span class='ocrx_word' id='word_1_35' title='bbox 663 1126 755 1206; x_wconf 84' lang='lat' dir='ltr'><strong>Quod</strong></span> <span class='ocrx_word' id='word_1_36' title='bbox 795 1128 924 1192; x_wconf 88' lang='lat' dir='ltr'><strong>minime</strong></span> <span class='ocrx_word' id='word_1_37' title='bbox 960 1129 1031 1192; x_wconf 88' lang='lat' dir='ltr'><strong>fieri</strong></span> <span class='ocrx_word' id='word_1_38' title='bbox 1068 1129 1184 1212; x_wconf 89' lang='lat' dir='ltr'><strong>potuit,</strong></span> <span class='ocrx_word' id='word_1_39' title='bbox 1222 1127 1374 1211; x_wconf 91' lang='lat' dir='ltr'><strong>quoniam</strong></span> <span class='ocrx_word' id='word_1_40' title='bbox 1411 1133 1488 1192; x_wconf 90' lang='lat' dir='ltr'><strong>ante</strong></span> 
     </span>
     <span class='ocr_line' id='line_1_7' title="bbox 297 1230 1486 1315; baseline -0.001 -18"><span class='ocrx_word' id='word_1_41' title='bbox 297 1233 491 1298; x_wconf 82' lang='lat' dir='ltr'><strong>Sannionem</strong></span> <span class='ocrx_word' id='word_1_42' title='bbox 514 1231 738 1295; x_wconf 87' lang='lat' dir='ltr'><strong>tantummodo</strong></span> <span class='ocrx_word' id='word_1_43' title='bbox 762 1230 857 1295; x_wconf 92' lang='lat' dir='ltr'><strong>Micio</strong></span> <span class='ocrx_word' id='word_1_44' title='bbox 881 1238 913 1296; x_wconf 89' lang='lat' dir='ltr'><strong>et</strong></span> <span class='ocrx_word' id='word_1_45' title='bbox 935 1232 1057 1296; x_wconf 87' lang='lat' dir='ltr'><strong>Demea</strong></span> <span class='ocrx_word' id='word_1_46' title='bbox 1083 1233 1116 1295; x_wconf 92' lang='lat' dir='ltr'><strong>in</strong></span> <span class='ocrx_word' id='word_1_47' title='bbox 1139 1252 1289 1296; x_wconf 87' lang='lat' dir='ltr'><strong>scaenam</strong></span> <span class='ocrx_word' id='word_1_48' title='bbox 1314 1231 1486 1315; x_wconf 91' lang='lat' dir='ltr'><strong>prodeunt,</strong></span> 
     </span>
     <span class='ocr_line' id='line_1_8' title="bbox 296 1333 1486 1419; baseline -0.002 -19"><span class='ocrx_word' id='word_1_49' title='bbox 296 1337 352 1419; x_wconf 90' lang='lat' dir='ltr'><strong>qui</strong></span> <span class='ocrx_word' id='word_1_50' title='bbox 375 1336 438 1418; x_wconf 88' lang='lat' dir='ltr'><strong>ipsi</strong></span> <span class='ocrx_word' id='word_1_51' title='bbox 453 1334 646 1400; x_wconf 85' lang='lat' dir='ltr'><strong>Aeschinum</strong></span> <span class='ocrx_word' id='word_1_52' title='bbox 664 1333 793 1400; x_wconf 91' lang='lat' dir='ltr'><strong>domum</strong></span> <span class='ocrx_word' id='word_1_53' title='bbox 816 1335 958 1400; x_wconf 86' lang='lat' dir='ltr'><strong>nondum</strong></span> <span class='ocrx_word' id='word_1_54' title='bbox 982 1336 1117 1400; x_wconf 89' lang='lat' dir='ltr'><strong>rediisse</strong></span> <span class='ocrx_word' id='word_1_55' title='bbox 1138 1356 1330 1418; x_wconf 88' lang='lat' dir='ltr'><strong>persuasum</strong></span> <span class='ocrx_word' id='word_1_56' title='bbox 1353 1335 1486 1401; x_wconf 91' lang='lat' dir='ltr'><strong>habent.</strong></span> 
     </span>
    </p>

    <p class='ocr_par' dir='ltr' id='par_1_3' title="bbox 296 1438 1487 2041">
     <span class='ocr_line' id='line_1_9' title="bbox 384 1438 1486 1523; baseline -0.001 -20"><span class='ocrx_word' id='word_1_57' title='bbox 384 1439 488 1504; x_wconf 91' lang='lat' dir='ltr'><strong>Aliam</strong></span> <span class='ocrx_word' id='word_1_58' title='bbox 521 1438 606 1502; x_wconf 85' lang='lat' dir='ltr'><strong>viam</strong></span> <span class='ocrx_word' id='word_1_59' title='bbox 637 1438 826 1522; x_wconf 78' lang='lat' dir='ltr'><strong>aegelius2)</strong></span> <span class='ocrx_word' id='word_1_60' title='bbox 856 1445 889 1502; x_wconf 90' lang='lat' dir='ltr'><strong>et</strong></span> <span class='ocrx_word' id='word_1_61' title='bbox 918 1438 1112 1523; x_wconf 78' lang='lat' dir='ltr'><strong>Kampius3)</strong></span> <span class='ocrx_word' id='word_1_62' title='bbox 1145 1440 1282 1522; x_wconf 82' lang='lat' dir='ltr'><strong>ingressi</strong></span> <span class='ocrx_word' id='word_1_63' title='bbox 1316 1444 1392 1504; x_wconf 89' lang='lat' dir='ltr'><strong>sunt</strong></span> <span class='ocrx_word' id='word_1_64' title='bbox 1421 1439 1486 1504; x_wconf 87' lang='lat' dir='ltr'><strong>rati</strong></span> 
     </span>
     <span class='ocr_line' id='line_1_10' title="bbox 296 1542 1487 1628; baseline -0.002 -20"><span class='ocrx_word' id='word_1_65' title='bbox 296 1544 428 1608; x_wconf 89' lang='lat' dir='ltr'><strong>brevem</strong></span> <span class='ocrx_word' id='word_1_66' title='bbox 450 1562 611 1618; x_wconf 87' lang='lat' dir='ltr'><strong>scaenam,</strong></span> <span class='ocrx_word' id='word_1_67' title='bbox 635 1542 667 1604; x_wconf 92' lang='lat' dir='ltr'><strong>in</strong></span> <span class='ocrx_word' id='word_1_68' title='bbox 691 1563 757 1625; x_wconf 91' lang='lat' dir='ltr'><strong>qua</strong></span> <span class='ocrx_word' id='word_1_69' title='bbox 775 1542 955 1606; x_wconf 83' lang='lat' dir='ltr'><strong>Aeschinus</strong></span> <span class='ocrx_word' id='word_1_70' title='bbox 977 1563 1136 1608; x_wconf 92' lang='lat' dir='ltr'><strong>unacum</strong></span> <span class='ocrx_word' id='word_1_71' title='bbox 1159 1543 1295 1626; x_wconf 81' lang='lat' dir='ltr'><strong>psaltria</strong></span> <span class='ocrx_word' id='word_1_72' title='bbox 1319 1549 1432 1628; x_wconf 88' lang='lat' dir='ltr'><strong>erepta</strong></span> <span class='ocrx_word' id='word_1_73' title='bbox 1452 1543 1487 1606; x_wconf 92' lang='lat' dir='ltr'><strong>in</strong></span> 
     </span>
     <span class='ocr_line' id='line_1_11' title="bbox 297 1644 1487 1729; baseline -0.003 -18"><span class='ocrx_word' id='word_1_74' title='bbox 297 1667 447 1711; x_wconf 89' lang='lat' dir='ltr'><strong>scaenam</strong></span> <span class='ocrx_word' id='word_1_75' title='bbox 478 1644 645 1729; x_wconf 89' lang='lat' dir='ltr'><strong>prodierit,</strong></span> <span class='ocrx_word' id='word_1_76' title='bbox 679 1645 883 1728; x_wconf 89' lang='lat' dir='ltr'><strong>soliloquium</strong></span> <span class='ocrx_word' id='word_1_77' title='bbox 912 1645 1037 1711; x_wconf 91' lang='lat' dir='ltr'><strong>lenonis</strong></span> <span class='ocrx_word' id='word_1_78' title='bbox 1067 1647 1287 1711; x_wconf 87' lang='lat' dir='ltr'><strong>antecessisse.</strong></span> <span class='ocrx_word' id='word_1_79' title='bbox 1333 1647 1394 1726; x_wconf 83' lang='lat' dir='ltr'><strong>Qui</strong></span> <span class='ocrx_word' id='word_1_80' title='bbox 1426 1646 1487 1710; x_wconf 88' lang='lat' dir='ltr'><strong>viri</strong></span> 
     </span>
     <span class='ocr_line' id='line_1_12' title="bbox 298 1748 1487 1833; baseline 0 -19"><span class='ocrx_word' id='word_1_81' title='bbox 298 1749 387 1814; x_wconf 91' lang='lat' dir='ltr'><strong>docti</strong></span> <span class='ocrx_word' id='word_1_82' title='bbox 408 1748 506 1814; x_wconf 90' lang='lat' dir='ltr'><strong>aliam</strong></span> <span class='ocrx_word' id='word_1_83' title='bbox 530 1748 781 1831; x_wconf 84' lang='lat' dir='ltr'><strong>discrepantiam</strong></span> <span class='ocrx_word' id='word_1_84' title='bbox 805 1769 868 1812; x_wconf 92' lang='lat' dir='ltr'><strong>nou</strong></span> <span class='ocrx_word' id='word_1_85' title='bbox 892 1755 1106 1829; x_wconf 87' lang='lat' dir='ltr'><strong>removerunt,</strong></span> <span class='ocrx_word' id='word_1_86' title='bbox 1138 1749 1225 1832; x_wconf 88' lang='lat' dir='ltr'><strong>quod</strong></span> <span class='ocrx_word' id='word_1_87' title='bbox 1251 1749 1377 1833; x_wconf 85' lang='lat' dir='ltr'><strong>fingunt</strong></span> <span class='ocrx_word' id='word_1_88' title='bbox 1400 1749 1487 1833; x_wconf 90' lang='lat' dir='ltr'><strong>apud</strong></span> 
     </span>
     <span class='ocr_line' id='line_1_13' title="bbox 297 1851 1487 1937; baseline -0.001 -20"><span class='ocrx_word' id='word_1_89' title='bbox 297 1851 510 1918; x_wconf 89' lang='lat' dir='ltr'><strong>Menandrum</strong></span> <span class='ocrx_word' id='word_1_90' title='bbox 541 1853 573 1916; x_wconf 93' lang='lat' dir='ltr'><strong>in</strong></span> <span class='ocrx_word' id='word_1_91' title='bbox 597 1857 673 1917; x_wconf 90' lang='lat' dir='ltr'><strong>actu</strong></span> <span class='ocrx_word' id='word_1_92' title='bbox 705 1852 846 1917; x_wconf 87' lang='lat' dir='ltr'><strong>secundo</strong></span> <span class='ocrx_word' id='word_1_93' title='bbox 876 1852 1003 1917; x_wconf 91' lang='lat' dir='ltr'><strong>demum</strong></span> <span class='ocrx_word' id='word_1_94' title='bbox 1028 1874 1067 1918; x_wconf 88' lang='lat' dir='ltr'><strong>ea</strong></span> <span class='ocrx_word' id='word_1_95' title='bbox 1098 1853 1130 1918; x_wconf 93' lang='lat' dir='ltr'><strong>in</strong></span> <span class='ocrx_word' id='word_1_96' title='bbox 1160 1874 1311 1918; x_wconf 88' lang='lat' dir='ltr'><strong>scaenam</strong></span> <span class='ocrx_word' id='word_1_97' title='bbox 1340 1852 1487 1937; x_wconf 89' lang='lat' dir='ltr'><strong>produci,</strong></span> 
     </span>
     <span class='ocr_line' id='line_1_14' title="bbox 297 1956 1487 2041; baseline -0.001 -21"><span class='ocrx_word' id='word_1_98' title='bbox 297 1957 478 2039; x_wconf 88' lang='lat' dir='ltr'><strong>dequibus</strong></span> <span class='ocrx_word' id='word_1_99' title='bbox 508 1961 693 2041; x_wconf 87' lang='lat' dir='ltr'><strong>spectantes</strong></span> <span class='ocrx_word' id='word_1_100' title='bbox 723 1956 789 2019; x_wconf 91' lang='lat' dir='ltr'><strong>iam</strong></span> <span class='ocrx_word' id='word_1_101' title='bbox 813 1957 846 2020; x_wconf 90' lang='lat' dir='ltr'><strong>in</strong></span> <span class='ocrx_word' id='word_1_102' title='bbox 870 1961 946 2021; x_wconf 89' lang='lat' dir='ltr'><strong>actu</strong></span> <span class='ocrx_word' id='word_1_103' title='bbox 978 1957 1081 2040; x_wconf 91' lang='lat' dir='ltr'><strong>primo</strong></span> <span class='ocrx_word' id='word_1_104' title='bbox 1113 1957 1268 2022; x_wconf 88' lang='lat' dir='ltr'><strong>certiores</strong></span> <span class='ocrx_word' id='word_1_105' title='bbox 1297 1957 1375 2022; x_wconf 87' lang='lat' dir='ltr'><strong>facti</strong></span> <span class='ocrx_word' id='word_1_106' title='bbox 1403 1961 1487 2021; x_wconf 87' lang='lat' dir='ltr'><strong>sunt.</strong></span> 
     </span>
    </p>

    <p class='ocr_par' dir='ltr' id='par_1_4' title="bbox 296 2058 1488 2868">
     <span class='ocr_line' id='line_1_15' title="bbox 383 2058 1487 2139; baseline 0 -15"><span class='ocrx_word' id='word_1_107' title='bbox 383 2061 471 2139; x_wconf 79' lang='lat' dir='ltr'><strong>Quas</strong></span> <span class='ocrx_word' id='word_1_108' title='bbox 493 2059 574 2125; x_wconf 88' lang='lat' dir='ltr'><strong>duas</strong></span> <span class='ocrx_word' id='word_1_109' title='bbox 605 2058 815 2124; x_wconf 86' lang='lat' dir='ltr'><strong>difficultates</strong></span> <span class='ocrx_word' id='word_1_110' title='bbox 837 2059 1012 2124; x_wconf 89' lang='lat' dir='ltr'><strong>Nenciuius</strong></span> <span class='ocrx_word' id='word_1_111' title='bbox 1033 2065 1066 2124; x_wconf 87' lang='lat' dir='ltr'><strong>ct</strong></span> <span class='ocrx_word' id='word_1_112' title='bbox 1085 2060 1110 2124; x_wconf 90' lang='lat' dir='ltr'>F</span> <span class='ocrx_word' id='word_1_113' title='bbox 1113 2060 1250 2126; x_wconf 87' lang='lat' dir='ltr'><strong>ielitzius</strong></span> <span class='ocrx_word' id='word_1_114' title='bbox 1277 2061 1487 2138; x_wconf 89' lang='lat' dir='ltr'><strong>sustulerunt,</strong></span> 
     </span>
     <span class='ocr_line' id='line_1_16' title="bbox 297 2163 1487 2248; baseline -0.002 -19"><span class='ocrx_word' id='word_1_115' title='bbox 297 2186 433 2248; x_wconf 89' lang='lat' dir='ltr'><strong>quorum</strong></span> <span class='ocrx_word' id='word_1_116' title='bbox 465 2163 640 2228; x_wconf 91' lang='lat' dir='ltr'><strong>Nencinius</strong></span> <span class='ocrx_word' id='word_1_117' title='bbox 668 2164 894 2247; x_wconf 79' lang='lat' dir='ltr'><strong>(l.o.p.134)</strong></span> <span class='ocrx_word' id='word_1_118' title='bbox 930 2163 1019 2228; x_wconf 92' lang='lat' dir='ltr'><strong>nisus</strong></span> <span class='ocrx_word' id='word_1_119' title='bbox 1050 2164 1201 2228; x_wconf 50' lang='lat' dir='ltr'><strong>Suetonii¹</strong></span> <span class='ocrx_word' id='word_1_120' title='bbox 1225 2165 1332 2229; x_wconf 91' lang='lat' dir='ltr'><strong>verbis</strong></span> <span class='ocrx_word' id='word_1_121' title='bbox 1372 2165 1404 2247; x_wconf 86' lang='lat' dir='ltr'><strong>(l.</strong></span> <span class='ocrx_word' id='word_1_122' title='bbox 1428 2166 1487 2248; x_wconf 89' lang='lat' dir='ltr'><strong>c.):</strong></span> 
     </span>
     <span class='ocr_line' id='line_1_17' title="bbox 296 2253 1488 2346; baseline -0.001 -14"><span class='ocrx_word' id='word_1_123' title='bbox 296 2291 367 2332; x_wconf 74' lang='lat' dir='ltr'><strong>nure</strong></span> <span class='ocrx_word' id='word_1_124' title='bbox 388 2272 596 2346; x_wconf 76' lang='lat' dir='ltr'><strong>Adelphorum</strong></span> <span class='ocrx_word' id='word_1_125' title='bbox 633 2272 825 2346; x_wconf 77' lang='lat' dir='ltr'><strong>principium</strong></span> <span class='ocrx_word' id='word_1_126' title='bbox 869 2255 967 2332; x_wconf 71' lang='lat' dir='ltr'><strong>Vario</strong></span> <span class='ocrx_word' id='word_1_127' title='bbox 1011 2273 1100 2332; x_wconf 84' lang='lat' dir='ltr'><strong>etiem</strong></span> <span class='ocrx_word' id='word_1_128' title='bbox 1141 2253 1289 2346; x_wconf 71' lang='lat' dir='ltr'><strong>praefert</strong></span> <span class='ocrx_word' id='word_1_129' title='bbox 1328 2273 1488 2346; x_wconf 77' lang='lat' dir='ltr'><strong>principio</strong></span> 
     </span>
     <span class='ocr_line' id='line_1_18' title="bbox 300 2355 1487 2455; baseline -0.001 -19"><span class='ocrx_word' id='word_1_130' title='bbox 300 2376 466 2436; x_wconf 82' lang='lat' dir='ltr'><strong>Menandri</strong></span> <span class='ocrx_word' id='word_1_131' title='bbox 511 2368 657 2434; x_wconf 85' lang='lat' dir='ltr'><strong>tabulam</strong></span> <span class='ocrx_word' id='word_1_132' title='bbox 700 2370 870 2435; x_wconf 87' lang='lat' dir='ltr'><strong>Menandri</strong></span> <span class='ocrx_word' id='word_1_133' title='bbox 916 2371 974 2435; x_wconf 91' lang='lat' dir='ltr'><strong>tali</strong></span> <span class='ocrx_word' id='word_1_134' title='bbox 1019 2355 1114 2435; x_wconf 91' lang='lat' dir='ltr'><strong>modo</strong></span> <span class='ocrx_word' id='word_1_135' title='bbox 1161 2372 1374 2455; x_wconf 87' lang='lat' dir='ltr'><strong>compositam</strong></span> <span class='ocrx_word' id='word_1_136' title='bbox 1416 2391 1487 2435; x_wconf 87' lang='lat' dir='ltr'><strong>esse</strong></span> 
     </span>
     <span class='ocr_line' id='line_1_19' title="bbox 298 2473 1487 2559; baseline 0.001 -21"><span class='ocrx_word' id='word_1_137' title='bbox 298 2475 470 2539; x_wconf 88' lang='lat' dir='ltr'><strong>existimat.</strong></span> <span class='ocrx_word' id='word_1_138' title='bbox 515 2473 640 2538; x_wconf 86' lang='lat' dir='ltr'><strong>Scaena</strong></span> <span class='ocrx_word' id='word_1_139' title='bbox 662 2475 693 2538; x_wconf 90' lang='lat' dir='ltr'><strong>I:</strong></span> <span class='ocrx_word' id='word_1_140' title='bbox 716 2474 815 2559; x_wconf 78' lang='lat' dir='ltr'><strong>Syrus</strong></span> <span class='ocrx_word' id='word_1_141' title='bbox 837 2479 952 2538; x_wconf 86' lang='lat' dir='ltr'><strong>narrat</strong></span> <span class='ocrx_word' id='word_1_142' title='bbox 975 2480 1103 2558; x_wconf 90' lang='lat' dir='ltr'><strong>raptum</strong></span> <span class='ocrx_word' id='word_1_143' title='bbox 1126 2473 1262 2557; x_wconf 88' lang='lat' dir='ltr'><strong>puellae.</strong></span> <span class='ocrx_word' id='word_1_144' title='bbox 1300 2475 1426 2540; x_wconf 88' lang='lat' dir='ltr'><strong>Scaena</strong></span> <span class='ocrx_word' id='word_1_145' title='bbox 1441 2475 1487 2539; x_wconf 92' lang='lat' dir='ltr'><strong>Il:</strong></span> 
     </span>
     <span class='ocr_line' id='line_1_20' title="bbox 297 2576 1487 2663; baseline 0 -21"><span class='ocrx_word' id='word_1_146' title='bbox 297 2579 397 2663; x_wconf 86' lang='lat' dir='ltr'><strong>Syrus</strong></span> <span class='ocrx_word' id='word_1_147' title='bbox 423 2599 442 2642; x_wconf 93' lang='lat' dir='ltr'><strong>a</strong></span> <span class='ocrx_word' id='word_1_148' title='bbox 467 2576 605 2641; x_wconf 88' lang='lat' dir='ltr'><strong>Micione</strong></span> <span class='ocrx_word' id='word_1_149' title='bbox 629 2583 766 2642; x_wconf 85' lang='lat' dir='ltr'><strong>exeunte</strong></span> <span class='ocrx_word' id='word_1_150' title='bbox 788 2578 1008 2660; x_wconf 78' lang='lat' dir='ltr'><strong>iuterrogatus</strong></span> <span class='ocrx_word' id='word_1_151' title='bbox 1032 2583 1130 2660; x_wconf 83' lang='lat' dir='ltr'><strong>negat</strong></span> <span class='ocrx_word' id='word_1_152' title='bbox 1151 2577 1251 2642; x_wconf 89' lang='lat' dir='ltr'><strong>filiurn</strong></span> <span class='ocrx_word' id='word_1_153' title='bbox 1269 2579 1398 2643; x_wconf 91' lang='lat' dir='ltr'><strong>domurn</strong></span> <span class='ocrx_word' id='word_1_154' title='bbox 1421 2579 1487 2642; x_wconf 90' lang='lat' dir='ltr'><strong>iam</strong></span> 
     </span>
     <span class='ocr_line' id='line_1_21' title="bbox 296 2680 1487 2765; baseline 0.001 -19"><span class='ocrx_word' id='word_1_155' title='bbox 296 2681 440 2746; x_wconf 88' lang='lat' dir='ltr'><strong>rediisse.</strong></span> <span class='ocrx_word' id='word_1_156' title='bbox 487 2681 612 2745; x_wconf 89' lang='lat' dir='ltr'><strong>Scaena</strong></span> <span class='ocrx_word' id='word_1_157' title='bbox 635 2681 700 2746; x_wconf 89' lang='lat'>111:</span> <span class='ocrx_word' id='word_1_158' title='bbox 732 2681 828 2745; x_wconf 90' lang='lat' dir='ltr'><strong>Micio</strong></span> <span class='ocrx_word' id='word_1_159' title='bbox 853 2680 940 2746; x_wconf 93' lang='lat' dir='ltr'><strong>solus</strong></span> <span class='ocrx_word' id='word_1_160' title='bbox 964 2702 1002 2745; x_wconf 91' lang='lat' dir='ltr'><strong>ea</strong></span> <span class='ocrx_word' id='word_1_161' title='bbox 1031 2681 1131 2745; x_wconf 88' lang='lat' dir='ltr'><strong>verba</strong></span> <span class='ocrx_word' id='word_1_162' title='bbox 1160 2681 1249 2759; x_wconf 85' lang='lat' dir='ltr'><strong>facit,</strong></span> <span class='ocrx_word' id='word_1_163' title='bbox 1270 2703 1367 2764; x_wconf 86' lang='lat' dir='ltr'><strong>¹quae</strong></span> <span class='ocrx_word' id='word_1_164' title='bbox 1400 2681 1487 2765; x_wconf 90' lang='lat' dir='ltr'><strong>apud</strong></span> 
     </span>
     <span class='ocr_line' id='line_1_22' title="bbox 296 2782 1215 2868; baseline 0.001 -20"><span class='ocrx_word' id='word_1_165' title='bbox 296 2784 482 2850; x_wconf 86' lang='lat' dir='ltr'><strong>Terentium</strong></span> <span class='ocrx_word' id='word_1_166' title='bbox 506 2782 580 2848; x_wconf 91' lang='lat' dir='ltr'><strong>inde</strong></span> <span class='ocrx_word' id='word_1_167' title='bbox 604 2805 624 2848; x_wconf 88' lang='lat' dir='ltr'><strong>a</strong></span> <span class='ocrx_word' id='word_1_168' title='bbox 647 2805 742 2849; x_wconf 91' lang='lat' dir='ltr'><strong>versu</strong></span> <span class='ocrx_word' id='word_1_169' title='bbox 763 2785 859 2848; x_wconf 90' lang='lat' dir='ltr'><strong>tertio</strong></span> <span class='ocrx_word' id='word_1_170' title='bbox 883 2785 1005 2868; x_wconf 88' lang='lat' dir='ltr'><strong>scripta</strong></span> <span class='ocrx_word' id='word_1_171' title='bbox 1028 2784 1215 2849; x_wconf 89' lang='lat' dir='ltr'><strong>invenimus.</strong></span> 
     </span>
    </p>

    <p class='ocr_par' dir='ltr' id='par_1_5' title="bbox 296 2887 1488 3490">
     <span class='ocr_line' id='line_1_23' title="bbox 384 2887 1488 2971; baseline 0.002 -20"><span class='ocrx_word' id='word_1_172' title='bbox 384 2887 549 2952; x_wconf 86' lang='lat' dir='ltr'><strong>Fielitzius</strong></span> <span class='ocrx_word' id='word_1_173' title='bbox 579 2888 656 2970; x_wconf 84' lang='lat' dir='ltr'><strong>(lc.</strong></span> <span class='ocrx_word' id='word_1_174' title='bbox 679 2893 804 2971; x_wconf 72' lang='lat' dir='ltr'><strong>porr)</strong></span> <span class='ocrx_word' id='word_1_175' title='bbox 834 2909 947 2952; x_wconf 88' lang='lat' dir='ltr'><strong>versus</strong></span> <span class='ocrx_word' id='word_1_176' title='bbox 980 2892 1082 2952; x_wconf 85' lang='lat'>1-12</span> <span class='ocrx_word' id='word_1_177' title='bbox 1117 2909 1255 2952; x_wconf 88' lang='lat' dir='ltr'><strong>scaenae</strong></span> <span class='ocrx_word' id='word_1_178' title='bbox 1278 2888 1337 2967; x_wconf 88' lang='lat'><strong>11,</strong></span> <span class='ocrx_word' id='word_1_179' title='bbox 1369 2889 1488 2971; x_wconf 88' lang='lat' dir='ltr'><strong>quibus</strong></span> 
     </span>
     <span class='ocr_line' id='line_1_24' title="bbox 297 2990 1485 3074; baseline -0.001 -17"><span class='ocrx_word' id='word_1_180' title='bbox 297 2993 393 3057; x_wconf 92' lang='lat' dir='ltr'><strong>Micio</strong></span> <span class='ocrx_word' id='word_1_181' title='bbox 407 2992 537 3055; x_wconf 86' lang='lat' dir='ltr'><strong>anxium</strong></span> <span class='ocrx_word' id='word_1_182' title='bbox 551 3012 585 3056; x_wconf 93' lang='lat' dir='ltr'><strong>se</strong></span> <span class='ocrx_word' id='word_1_183' title='bbox 596 2990 742 3074; x_wconf 87' lang='lat' dir='ltr'><strong>praebet,</strong></span> <span class='ocrx_word' id='word_1_184' title='bbox 775 2990 862 3074; x_wconf 90' lang='lat' dir='ltr'><strong>quod</strong></span> <span class='ocrx_word' id='word_1_185' title='bbox 877 2990 963 3055; x_wconf 89' lang='lat' dir='ltr'><strong>filius</strong></span> <span class='ocrx_word' id='word_1_186' title='bbox 981 2990 1122 3055; x_wconf 90' lang='lat' dir='ltr'><strong>nondum</strong></span> <span class='ocrx_word' id='word_1_187' title='bbox 1139 2991 1281 3070; x_wconf 88' lang='lat' dir='ltr'><strong>redierit,</strong></span> <span class='ocrx_word' id='word_1_188' title='bbox 1305 2992 1485 3056; x_wconf 89' lang='lat' dir='ltr'><strong>Menandro</strong></span> 
     </span>
     <span class='ocr_line' id='line_1_25' title="bbox 296 3093 1487 3178; baseline -0.003 -15"><span class='ocrx_word' id='word_1_189' title='bbox 296 3095 464 3164; x_wconf 89' lang='lat' dir='ltr'><strong>abiudicat</strong></span> <span class='ocrx_word' id='word_1_190' title='bbox 486 3100 604 3177; x_wconf 88' lang='lat' dir='ltr'><strong>putans</strong></span> <span class='ocrx_word' id='word_1_191' title='bbox 628 3094 716 3178; x_wconf 90' lang='lat' dir='ltr'><strong>apud</strong></span> <span class='ocrx_word' id='word_1_192' title='bbox 739 3093 953 3158; x_wconf 86' lang='lat' dir='ltr'><strong>Menandrum</strong></span> <span class='ocrx_word' id='word_1_193' title='bbox 984 3115 1092 3158; x_wconf 90' lang='lat' dir='ltr'><strong>senem</strong></span> <span class='ocrx_word' id='word_1_194' title='bbox 1121 3115 1273 3160; x_wconf 87' lang='lat' dir='ltr'><strong>narrasse</strong></span> <span class='ocrx_word' id='word_1_195' title='bbox 1295 3094 1397 3160; x_wconf 91' lang='lat' dir='ltr'><strong>filium</strong></span> <span class='ocrx_word' id='word_1_196' title='bbox 1420 3117 1487 3160; x_wconf 90' lang='lat' dir='ltr'><strong>una</strong></span> 
     </span>
     <span class='ocr_line' id='line_1_26' title="bbox 296 3199 1483 3283; baseline 0 -20"><span class='ocrx_word' id='word_1_197' title='bbox 296 3221 370 3264; x_wconf 89' lang='lat' dir='ltr'><strong>cum</strong></span> <span class='ocrx_word' id='word_1_198' title='bbox 401 3199 540 3283; x_wconf 89' lang='lat' dir='ltr'><strong>psaltria</strong></span> <span class='ocrx_word' id='word_1_199' title='bbox 566 3199 696 3262; x_wconf 90' lang='lat' dir='ltr'><strong>domum</strong></span> <span class='ocrx_word' id='word_1_200' title='bbox 730 3199 912 3280; x_wconf 82' lang='lat' dir='ltr'><strong>ingressum</strong></span> <span class='ocrx_word' id='word_1_201' title='bbox 947 3219 1025 3262; x_wconf 89' lang='lat' dir='ltr'><strong>esse.</strong></span> <span class='ocrx_word' id='word_1_202' title='bbox 1081 3199 1117 3262; x_wconf 92' lang='lat' dir='ltr'><strong>Iu</strong></span> <span class='ocrx_word' id='word_1_203' title='bbox 1155 3202 1272 3263; x_wconf 87' lang='lat' dir='ltr'><strong>ceteris</strong></span> <span class='ocrx_word' id='word_1_204' title='bbox 1295 3199 1483 3264; x_wconf 87' lang='lat' dir='ltr'><strong>Terentium</strong></span> 
     </span>
     <span class='ocr_line' id='line_1_27' title="bbox 296 3303 1486 3385; baseline 0 -18"><span class='ocrx_word' id='word_1_205' title='bbox 296 3303 511 3368; x_wconf 89' lang='lat' dir='ltr'><strong>Menandrum</strong></span> <span class='ocrx_word' id='word_1_206' title='bbox 549 3308 696 3366; x_wconf 89' lang='lat' dir='ltr'><strong>secutum</strong></span> <span class='ocrx_word' id='word_1_207' title='bbox 728 3322 798 3366; x_wconf 90' lang='lat' dir='ltr'><strong>esse</strong></span> <span class='ocrx_word' id='word_1_208' title='bbox 832 3307 969 3385; x_wconf 78' lang='lat' dir='ltr'><strong>praeter</strong></span> <span class='ocrx_word' id='word_1_209' title='bbox 1003 3323 1129 3366; x_wconf 88' lang='lat' dir='ltr'><strong>versum</strong></span> <span class='ocrx_word' id='word_1_210' title='bbox 1166 3309 1234 3368; x_wconf 80' lang='lat'><strong>154.</strong></span> <span class='ocrx_word' id='word_1_211' title='bbox 1287 3305 1371 3367; x_wconf 89' lang='lat' dir='ltr'><strong>Actu</strong></span> <span class='ocrx_word' id='word_1_212' title='bbox 1403 3305 1486 3368; x_wconf 87' lang='lat' dir='ltr'><strong>enirn</strong></span> 
     </span>
     <span class='ocr_line' id='line_1_28' title="bbox 298 3404 1487 3490; baseline 0.002 -20"><span class='ocrx_word' id='word_1_213' title='bbox 298 3407 404 3490; x_wconf 89' lang='lat' dir='ltr'><strong>primo</strong></span> <span class='ocrx_word' id='word_1_214' title='bbox 428 3406 575 3470; x_wconf 88' lang='lat' dir='ltr'><strong>Graecae</strong></span> <span class='ocrx_word' id='word_1_215' title='bbox 598 3404 730 3469; x_wconf 88' lang='lat' dir='ltr'><strong>fabulae</strong></span> <span class='ocrx_word' id='word_1_216' title='bbox 749 3411 887 3470; x_wconf 87' lang='lat' dir='ltr'><strong>exeunte</strong></span> <span class='ocrx_word' id='word_1_217' title='bbox 909 3425 1018 3470; x_wconf 88' lang='lat' dir='ltr'><strong>senem</strong></span> <span class='ocrx_word' id='word_1_218' title='bbox 1034 3405 1153 3471; x_wconf 90' lang='lat' dir='ltr'><strong>abiisse</strong></span> <span class='ocrx_word' id='word_1_219' title='bbox 1177 3407 1243 3472; x_wconf 90' lang='lat' dir='ltr'><strong>sive</strong></span> <span class='ocrx_word' id='word_1_220' title='bbox 1262 3412 1298 3471; x_wconf 91' lang='lat' dir='ltr'><strong>ut</strong></span> <span class='ocrx_word' id='word_1_221' title='bbox 1314 3405 1487 3490; x_wconf 82' lang='lat' dir='ltr'><strong>diligenter</strong></span> 
     </span>
    </p>
   </div>
   <div class='ocr_carea' id='block_1_3' title="bbox 298 3535 475 3542">
    <p class='ocr_par' dir='ltr' id='par_1_6' title="bbox 298 3535 475 3542">
     <span class='ocr_line' id='line_1_29' title="bbox 298 3535 475 3542; baseline -0.006 -2"><span class='ocrx_word' id='word_1_222' title='bbox 298 3535 475 3542; x_wconf 37' lang='grc' dir='ltr'><strong>βῆς-..-</strong></span> 
     </span>
    </p>
   </div>
   <div class='ocr_carea' id='block_1_4' title="bbox 296 3595 1490 4529">
    <p class='ocr_par' dir='ltr' id='par_1_7' title="bbox 296 3595 1490 3924">
     <span class='ocr_line' id='line_1_30' title="bbox 383 3595 1489 3665; baseline 0.001 -16"><span class='ocrx_word' id='word_1_223' title='bbox 383 3597 410 3662; x_wconf 90' lang='grc'><strong>1)</strong></span> <span class='ocrx_word' id='word_1_224' title='bbox 428 3595 461 3648; x_wconf 86' lang='lat' dir='ltr'><strong>R.</strong></span> <span class='ocrx_word' id='word_1_225' title='bbox 482 3595 603 3649; x_wconf 88' lang='lat' dir='ltr'><strong>Kauer</strong></span> <span class='ocrx_word' id='word_1_226' title='bbox 626 3596 643 3648; x_wconf 92' lang='lat' dir='ltr'><strong>l.</strong></span> <span class='ocrx_word' id='word_1_227' title='bbox 664 3612 687 3648; x_wconf 89' lang='lat' dir='ltr'><strong>c.</strong></span> <span class='ocrx_word' id='word_1_228' title='bbox 706 3614 733 3663; x_wconf 90' lang='lat' dir='ltr'><strong>p.</strong></span> <span class='ocrx_word' id='word_1_229' title='bbox 748 3595 875 3664; x_wconf 63' lang='lat' dir='ltr'><strong>lolfloa:</strong></span> <span class='ocrx_word' id='word_1_230' title='bbox 907 3596 983 3662; x_wconf 86' lang='lat' dir='ltr'><strong>„Auf</strong></span> <span class='ocrx_word' id='word_1_231' title='bbox 1005 3597 1052 3648; x_wconf 91' lang='lat' dir='ltr'><strong>das</strong></span> <span class='ocrx_word' id='word_1_232' title='bbox 1077 3595 1200 3665; x_wconf 89' lang='lat' dir='ltr'><strong>Klopfcu</strong></span> <span class='ocrx_word' id='word_1_233' title='bbox 1226 3597 1275 3651; x_wconf 87' lang='lat' dir='ltr'><strong>des</strong></span> <span class='ocrx_word' id='word_1_234' title='bbox 1300 3597 1364 3651; x_wconf 92' lang='lat' dir='ltr'><strong>leno</strong></span> <span class='ocrx_word' id='word_1_235' title='bbox 1389 3598 1489 3652; x_wconf 86' lang='lat' dir='ltr'><strong>kamen</strong></span> 
     </span>
     <span class='ocr_line' id='line_1_31' title="bbox 296 3681 1488 3754; baseline 0.001 -18"><span class='ocrx_word' id='word_1_236' title='bbox 296 3683 368 3737; x_wconf 90' lang='lat' dir='ltr'><strong>wohl</strong></span> <span class='ocrx_word' id='word_1_237' title='bbox 395 3682 552 3736; x_wconf 86' lang='lat' dir='ltr'><strong>Aeschinus</strong></span> <span class='ocrx_word' id='word_1_238' title='bbox 578 3682 635 3735; x_wconf 92' lang='lat' dir='ltr'><strong>und</strong></span> <span class='ocrx_word' id='word_1_239' title='bbox 654 3681 746 3752; x_wconf 80' lang='lat' dir='ltr'><strong>Syrus,</strong></span> <span class='ocrx_word' id='word_1_240' title='bbox 777 3682 821 3735; x_wconf 89' lang='lat' dir='ltr'><strong>die</strong></span> <span class='ocrx_word' id='word_1_241' title='bbox 849 3681 909 3735; x_wconf 88' lang='lat' dir='ltr'><strong>sich</strong></span> <span class='ocrx_word' id='word_1_242' title='bbox 936 3681 1008 3735; x_wconf 90' lang='lat' dir='ltr'><strong>nach</strong></span> <span class='ocrx_word' id='word_1_243' title='bbox 1034 3683 1098 3736; x_wconf 91' lang='lat' dir='ltr'><strong>dem</strong></span> <span class='ocrx_word' id='word_1_244' title='bbox 1126 3683 1265 3752; x_wconf 80' lang='lat' dir='ltr'><strong>glr&#39;icklich</strong></span> <span class='ocrx_word' id='word_1_245' title='bbox 1291 3685 1488 3754; x_wconf 80' lang='lat' dir='ltr'><strong>ausgat&#39;tihrten</strong></span> 
     </span>
     <span class='ocr_line' id='line_1_32' title="bbox 297 3767 1490 3846; baseline 0.001 -23"><span class='ocrx_word' id='word_1_246' title='bbox 297 3769 426 3846; x_wconf 82' lang='lat' dir='ltr'><strong>Streiehe</strong></span> <span class='ocrx_word' id='word_1_247' title='bbox 445 3768 577 3822; x_wconf 90' lang='lat' dir='ltr'><strong>heimlich</strong></span> <span class='ocrx_word' id='word_1_248' title='bbox 603 3768 692 3822; x_wconf 90' lang='lat' dir='ltr'><strong>durch</strong></span> <span class='ocrx_word' id='word_1_249' title='bbox 716 3769 765 3822; x_wconf 88' lang='lat' dir='ltr'><strong>das</strong></span> <span class='ocrx_word' id='word_1_250' title='bbox 783 3770 921 3838; x_wconf 88' lang='lat' dir='ltr'><strong>posticum</strong></span> <span class='ocrx_word' id='word_1_251' title='bbox 940 3768 968 3820; x_wconf 90' lang='lat' dir='ltr'><strong>in</strong></span> <span class='ocrx_word' id='word_1_252' title='bbox 986 3767 1090 3822; x_wconf 70' lang='lat' dir='ltr'><strong>Micios‘</strong></span> <span class='ocrx_word' id='word_1_253' title='bbox 1107 3769 1184 3822; x_wconf 86' lang='lat' dir='ltr'><strong>Hans</strong></span> <span class='ocrx_word' id='word_1_254' title='bbox 1203 3770 1331 3839; x_wconf 82' lang='lat' dir='ltr'><strong>begehen</strong></span> <span class='ocrx_word' id='word_1_255' title='bbox 1349 3771 1405 3824; x_wconf 91' lang='lat' dir='ltr'><strong>und</strong></span> <span class='ocrx_word' id='word_1_256' title='bbox 1424 3771 1490 3824; x_wconf 87' lang='lat' dir='ltr'><strong>dort</strong></span> 
     </span>
     <span class='ocr_line' id='line_1_33' title="bbox 296 3854 970 3924; baseline 0 -16"><span class='ocrx_word' id='word_1_257' title='bbox 296 3856 453 3924; x_wconf 78' lang='lat' dir='ltr'><strong>verborgen</strong></span> <span class='ocrx_word' id='word_1_258' title='bbox 472 3854 610 3924; x_wconf 79' lang='lat' dir='ltr'><strong>gehalten,</strong></span> <span class='ocrx_word' id='word_1_259' title='bbox 696 3873 730 3908; x_wconf 89' lang='lat' dir='ltr'><strong>an</strong></span> <span class='ocrx_word' id='word_1_260' title='bbox 750 3855 795 3910; x_wconf 91' lang='lat' dir='ltr'><strong>die</strong></span> <span class='ocrx_word' id='word_1_261' title='bbox 816 3854 889 3908; x_wconf 78' lang='lat' dir='ltr'><strong>Tfire</strong></span> <span class='ocrx_word' id='word_1_262' title='bbox 908 3857 970 3909; x_wconf 87' lang='lat'><strong>...“</strong></span> 
     </span>
    </p>

    <p class='ocr_par' dir='ltr' id='par_1_8' title="bbox 297 3939 1488 4254">
     <span class='ocr_line' id='line_1_34' title="bbox 383 3939 1487 4010; baseline 0.004 -18"><span class='ocrx_word' id='word_1_263' title='bbox 383 3942 410 4008; x_wconf 84' lang='grc'><strong>2)</strong></span> <span class='ocrx_word' id='word_1_264' title='bbox 430 3939 463 3994; x_wconf 79' lang='lat' dir='ltr'><strong>G.</strong></span> <span class='ocrx_word' id='word_1_265' title='bbox 482 3939 595 4010; x_wconf 83' lang='lat' dir='ltr'><strong>Regel</strong></span> <span class='ocrx_word' id='word_1_266' title='bbox 613 3942 630 3994; x_wconf 87' lang='lat' dir='ltr'><strong>l.</strong></span> <span class='ocrx_word' id='word_1_267' title='bbox 650 3959 673 3995; x_wconf 91' lang='lat' dir='ltr'><strong>c.</strong></span> <span class='ocrx_word' id='word_1_268' title='bbox 693 3943 763 4010; x_wconf 90' lang='lat' dir='ltr'><strong>p.6:</strong></span> <span class='ocrx_word' id='word_1_269' title='bbox 792 3939 870 4008; x_wconf 80' lang='lat' dir='ltr'><strong>„wir</strong></span> <span class='ocrx_word' id='word_1_270' title='bbox 897 3941 1006 3996; x_wconf 88' lang='lat' dir='ltr'><strong>werden</strong></span> <span class='ocrx_word' id='word_1_271' title='bbox 1026 3942 1162 3995; x_wconf 90' lang='lat' dir='ltr'><strong>demnach</strong></span> <span class='ocrx_word' id='word_1_272' title='bbox 1181 3942 1230 4009; x_wconf 86' lang='lat' dir='ltr'><strong>da,</strong></span> <span class='ocrx_word' id='word_1_273' title='bbox 1256 3961 1298 3996; x_wconf 91' lang='lat' dir='ltr'><strong>wo</strong></span> <span class='ocrx_word' id='word_1_274' title='bbox 1317 3944 1364 3998; x_wconf 91' lang='lat' dir='ltr'><strong>bei</strong></span> <span class='ocrx_word' id='word_1_275' title='bbox 1382 3942 1487 3997; x_wconf 77' lang='lat' dir='ltr'><strong>Terens</strong></span> 
     </span>
     <span class='ocr_line' id='line_1_35' title="bbox 298 4025 1488 4098; baseline 0.001 -18"><span class='ocrx_word' id='word_1_276' title='bbox 298 4027 342 4080; x_wconf 92' lang='lat' dir='ltr'><strong>die</strong></span> <span class='ocrx_word' id='word_1_277' title='bbox 354 4025 472 4098; x_wconf 84' lang='lat' dir='ltr'><strong>Einlage</strong></span> <span class='ocrx_word' id='word_1_278' title='bbox 484 4026 561 4080; x_wconf 86' lang='lat' dir='ltr'><strong>Platz</strong></span> <span class='ocrx_word' id='word_1_279' title='bbox 580 4027 719 4098; x_wconf 83' lang='lat' dir='ltr'><strong>gesunden</strong></span> <span class='ocrx_word' id='word_1_280' title='bbox 737 4028 793 4096; x_wconf 90' lang='lat' dir='ltr'><strong>hat,</strong></span> <span class='ocrx_word' id='word_1_281' title='bbox 812 4029 857 4081; x_wconf 88' lang='lat' dir='ltr'><strong>bei</strong></span> <span class='ocrx_word' id='word_1_282' title='bbox 875 4025 1029 4081; x_wconf 86' lang='lat' dir='ltr'><strong>Menander</strong></span> <span class='ocrx_word' id='word_1_283' title='bbox 1048 4029 1109 4081; x_wconf 88' lang='lat' dir='ltr'><strong>eine</strong></span> <span class='ocrx_word' id='word_1_284' title='bbox 1126 4028 1210 4082; x_wconf 84' lang='lat' dir='ltr'><strong>kurae</strong></span> <span class='ocrx_word' id='word_1_285' title='bbox 1224 4028 1314 4083; x_wconf 87' lang='lat' dir='ltr'><strong>Scene</strong></span> <span class='ocrx_word' id='word_1_286' title='bbox 1333 4030 1488 4083; x_wconf 89' lang='lat' dir='ltr'><strong>annehmen</strong></span> 
     </span>
     <span class='ocr_line' id='line_1_36' title="bbox 297 4113 1488 4183; baseline 0 -17"><span class='ocrx_word' id='word_1_287' title='bbox 297 4121 416 4182; x_wconf 80' lang='lat' dir='ltr'><strong>mhssen,</strong></span> <span class='ocrx_word' id='word_1_288' title='bbox 436 4114 463 4166; x_wconf 90' lang='lat' dir='ltr'><strong>in</strong></span> <span class='ocrx_word' id='word_1_289' title='bbox 476 4114 525 4167; x_wconf 87' lang='lat' dir='ltr'><strong>der</strong></span> <span class='ocrx_word' id='word_1_290' title='bbox 537 4113 695 4167; x_wconf 88' lang='lat' dir='ltr'><strong>Aeschinus</strong></span> <span class='ocrx_word' id='word_1_291' title='bbox 708 4116 760 4168; x_wconf 90' lang='lat' dir='ltr'><strong>mit</strong></span> <span class='ocrx_word' id='word_1_292' title='bbox 776 4114 839 4167; x_wconf 89' lang='lat' dir='ltr'><strong>dem</strong></span> <span class='ocrx_word' id='word_1_293' title='bbox 857 4116 1007 4183; x_wconf 88' lang='lat' dir='ltr'><strong>geraubten</strong></span> <span class='ocrx_word' id='word_1_294' title='bbox 1021 4113 1160 4168; x_wconf 77' lang='lat' dir='ltr'><strong>M&#39;adchen</strong></span> <span class='ocrx_word' id='word_1_295' title='bbox 1180 4115 1234 4167; x_wconf 89' lang='lat' dir='ltr'><strong>und</strong></span> <span class='ocrx_word' id='word_1_296' title='bbox 1253 4116 1348 4168; x_wconf 89' lang='lat' dir='ltr'><strong>seinen</strong></span> <span class='ocrx_word' id='word_1_297' title='bbox 1365 4113 1488 4169; x_wconf 91' lang='lat' dir='ltr'><strong>Dienern</strong></span> 
     </span>
     <span class='ocr_line' id='line_1_37' title="bbox 297 4201 431 4254; baseline 0.007 -1"><span class='ocrx_word' id='word_1_298' title='bbox 297 4201 431 4254; x_wconf 85' lang='lat' dir='ltr'><strong>auftrat.“&#39;</strong></span> 
     </span>
    </p>

    <p class='ocr_par' dir='ltr' id='par_1_9' title="bbox 297 4285 1488 4529">
     <span class='ocr_line' id='line_1_38' title="bbox 383 4285 1488 4356; baseline 0.001 -17"><span class='ocrx_word' id='word_1_299' title='bbox 383 4289 410 4353; x_wconf 90' lang='lat'><strong>3)</strong></span> <span class='ocrx_word' id='word_1_300' title='bbox 429 4286 458 4339; x_wconf 78' lang='lat' dir='ltr'><strong>F.</strong></span> <span class='ocrx_word' id='word_1_301' title='bbox 479 4286 613 4356; x_wconf 88' lang='lat' dir='ltr'><strong>Kampe</strong></span> <span class='ocrx_word' id='word_1_302' title='bbox 631 4289 648 4341; x_wconf 90' lang='lat' dir='ltr'><strong>l.</strong></span> <span class='ocrx_word' id='word_1_303' title='bbox 668 4305 692 4340; x_wconf 84' lang='lat' dir='ltr'><strong>o.</strong></span> <span class='ocrx_word' id='word_1_304' title='bbox 712 4307 738 4356; x_wconf 89' lang='lat' dir='ltr'><strong>p.</strong></span> <span class='ocrx_word' id='word_1_305' title='bbox 752 4289 779 4339; x_wconf 87' lang='lat'><strong>7:</strong></span> <span class='ocrx_word' id='word_1_306' title='bbox 801 4285 961 4352; x_wconf 88' lang='lat' dir='ltr'><strong>„Nachdem</strong></span> <span class='ocrx_word' id='word_1_307' title='bbox 975 4288 1131 4340; x_wconf 89' lang='lat' dir='ltr'><strong>Aeschinus</strong></span> <span class='ocrx_word' id='word_1_308' title='bbox 1152 4289 1224 4342; x_wconf 90' lang='lat' dir='ltr'><strong>ohne</strong></span> <span class='ocrx_word' id='word_1_309' title='bbox 1244 4289 1355 4341; x_wconf 86' lang='lat' dir='ltr'><strong>weltere</strong></span> <span class='ocrx_word' id='word_1_310' title='bbox 1369 4288 1488 4341; x_wconf 86' lang='lat' dir='ltr'><strong>Aeusse-</strong></span> 
     </span>
     <span class='ocr_line' id='line_1_39' title="bbox 297 4372 1488 4442; baseline 0.002 -17"><span class='ocrx_word' id='word_1_311' title='bbox 297 4391 369 4442; x_wconf 80' lang='lat' dir='ltr'><strong>rung</strong></span> <span class='ocrx_word' id='word_1_312' title='bbox 393 4374 445 4425; x_wconf 88' lang='lat' dir='ltr'><strong>mit</strong></span> <span class='ocrx_word' id='word_1_313' title='bbox 470 4373 519 4426; x_wconf 90' lang='lat' dir='ltr'><strong>der</strong></span> <span class='ocrx_word' id='word_1_314' title='bbox 545 4373 659 4441; x_wconf 84' lang='lat' dir='ltr'><strong>psaltria</strong></span> <span class='ocrx_word' id='word_1_315' title='bbox 682 4373 748 4425; x_wconf 82' lang='lat' dir='ltr'><strong>hura</strong></span> <span class='ocrx_word' id='word_1_316' title='bbox 767 4373 866 4426; x_wconf 90' lang='lat' dir='ltr'><strong>vorher</strong></span> <span class='ocrx_word' id='word_1_317' title='bbox 885 4372 990 4427; x_wconf 87' lang='lat' dir='ltr'><strong>schnell</strong></span> <span class='ocrx_word' id='word_1_318' title='bbox 1009 4373 1140 4427; x_wconf 65' lang='lat' dir='ltr'><strong>liberulis</strong></span> <span class='ocrx_word' id='word_1_319' title='bbox 1159 4373 1256 4426; x_wconf 83' lang='lat' dir='ltr'><strong>Btihnc</strong></span> <span class='ocrx_word' id='word_1_320' title='bbox 1275 4375 1329 4426; x_wconf 93' lang='lat' dir='ltr'><strong>und</strong></span> <span class='ocrx_word' id='word_1_321' title='bbox 1348 4375 1389 4426; x_wconf 89' lang='lat' dir='ltr'><strong>ins</strong></span> <span class='ocrx_word' id='word_1_322' title='bbox 1408 4373 1488 4428; x_wconf 91' lang='lat' dir='ltr'><strong>Haus</strong></span> 
     </span>
     <span class='ocr_line' id='line_1_40' title="bbox 297 4457 947 4529; baseline -0.003 -17"><span class='ocrx_word' id='word_1_323' title='bbox 297 4459 382 4529; x_wconf 85' lang='lat' dir='ltr'><strong>geeilt</strong></span> <span class='ocrx_word' id='word_1_324' title='bbox 396 4467 462 4526; x_wconf 63' lang='lat' dir='ltr'><strong>&#39;wan</strong></span> <span class='ocrx_word' id='word_1_325' title='bbox 483 4464 539 4512; x_wconf 90' lang='lat' dir='ltr'><strong>trat</strong></span> <span class='ocrx_word' id='word_1_326' title='bbox 557 4458 736 4512; x_wconf 87' lang='lat' dir='ltr'><strong>unmittelhnr</strong></span> <span class='ocrx_word' id='word_1_327' title='bbox 755 4457 858 4511; x_wconf 89' lang='lat' dir='ltr'><strong>Sannio</strong></span> <span class='ocrx_word' id='word_1_328' title='bbox 878 4461 947 4511; x_wconf 86' lang='lat' dir='ltr'><strong>aul&#39;.“</strong></span> 
     </span>
    </p>
   </div>
   <div class='ocr_carea' id='block_1_5' title="bbox 0 0 1703 5298">
    <p class='ocr_par' dir='ltr' id='par_1_10' title="bbox 0 0 1703 5298">
     <span class='ocr_line' id='line_1_41' title="bbox 0 0 1703 5298; baseline 0 0"><span class='ocrx_word' id='word_1_329' title='bbox 0 0 1703 5298; x_wconf 95' lang='lat' dir='ltr'><strong> </strong></span> 
     </span>
    </p>
   </div>
  </div>
 </body>
</html>
