3390 5298
661 595 875 656 ..33-

175 768 220 828 Tn
251 777 361 842 entem,
394 787 473 845 quoe
503 786 563 844 pro
592 771 693 844 cupite
723 777 883 843 arpentum
911 771 984 830 inihi
1013 770 1072 830 inni
1101 772 1221 846 iamque
1242 790 1361 847 semper
1459 751 1461 755 ,

278 890 433 944 numeras,

172 977 221 1036 Eo
240 977 363 1050 pacisci
384 978 471 1036 modo
494 978 565 1048 scis,
587 979 645 1036 sed
663 979 747 1052 qnod
757 979 881 1052 pocta’s
904 995 964 1038 non
987 979 1048 1038 seis
1070 981 1201 1050 soluere,

169 1081 379 1153 Phoenicium,
403 1081 457 1140 tihi
480 1097 536 1156 epo
558 1082 635 1140 hoec
658 1083 775 1156 loquor,
800 1083 931 1142 deliciae
950 1087 1127 1142 summotum
1149 1083 1268 1143 uirum:

169 1185 240 1243 Nisi
260 1186 352 1245 hodie
374 1185 447 1244 mihi
469 1202 509 1244 en
532 1183 640 1255 suadis
664 1192 782 1246 inornrn
804 1187 969 1246 unicornem
992 1203 1077 1246 omne
1099 1188 1159 1246 hnc
1185 1202 1285 1260 penus
1308 1190 1363 1248 nd-

276 1287 390 1360 serlnr,
936 1371 938 1376 Α

173 1391 263 1465 Cras,
287 1392 494 1464 Phoenicium,
510 1393 655 1466 poenicio
678 1395 762 1453 corio
784 1394 900 1454 inuisos
919 1395 1089 1468 perpulcra.

259 1494 349 1571 Quae
381 1490 481 1556 verba
502 1491 659 1556 Ballionis
689 1498 871 1575 repugnant
902 1493 957 1572 eis,
986 1513 1070 1575 quae
1098 1515 1138 1558 ex
1168 1492 1308 1576 epistula
1331 1498 1364 1557 et
1401 1489 1402 1492 ’

170 1596 272 1678 paulo
294 1601 369 1680 post
390 1597 422 1659 in
447 1615 564 1660 scaena
587 1595 602 1658 Ι
626 1601 643 1659 3
668 1617 684 1659 e
708 1595 836 1679 dialogo
852 1596 994 1661 Calidori
1015 1618 1090 1661 cum
1112 1597 1226 1661 lenone
1249 1596 1363 1660 habito

170 1701 406 1782 cognoscimus.
451 1698 556 1762 Ballio
581 1701 663 1763 enim
687 1699 842 1764 hocloco
866 1690 989 1764 amicae
1011 1701 1136 1765 crimini
1160 1700 1232 1764 dat:
1257 1701 1363 1783 „quod

170 1804 298 1884 pacta's
322 1825 384 1867 non
408 1803 471 1867 scis
494 1802 646 1881 solverer,
671 1824 866 1886 quamquam
892 1804 1028 1875 amilite
1053 1804 1234 1887 quindecim
1258 1805 1363 1868 minae

168 1907 236 1970 iam
261 1907 387 1971 solutae
416 1913 499 1970 sunt.
544 1905 656 1988 Neque
688 1907 791 1971 minus
821 1908 930 1991 inepte
960 1908 1033 1972 leno
1056 1909 1207 1986 minatur,
1238 1907 1361 1971 utiam
1429 1955 1436 1968 .

168 2010 381 2093 Langenus1)
405 2010 524 2086 docuit,
555 2031 589 2073 se
613 2031 685 2074 cras
708 2010 915 2074 Phoenicium
942 2012 976 2074 in
997 2011 1165 2094 pergulam
1189 2011 1362 2074 missurum

169 2135 251 2192 esse,
277 2134 473 2196 quamquam
490 2135 553 2178 non
573 2114 703 2196 ignorat
717 2113 925 2178 Phoenicium
942 2135 1015 2178 cras
1031 2136 1051 2179 a
1068 2114 1167 2178 milite
1183 2114 1360 2178 abductum

168 2218 210 2280 iri
237 2224 270 2282 et
293 2239 332 2282 ea
356 2218 395 2281 de
419 2238 517 2281 causa
540 2219 572 2280 in
595 2216 763 2300 pergulam
787 2217 870 2281 mitti
893 2239 956 2282 non
980 2239 1084 2301 posse.

257 2321 437 2386 Karstenus
458 2321 491 2404 (l.
512 2343 537 2384 c.
562 2344 591 2404 p.
618 2323 694 2402 137)
717 2327 812 2404 putat
836 2320 935 2386 verba
956 2321 1081 2387 lenonis
1101 2343 1202 2402 „cras
1225 2322 1362 2387 Phoeni·

168 2427 266 2503 cium,
306 2426 452 2508 poenicis
490 2426 577 2488 corio
614 2425 733 2488 invises
766 2425 953 2508 pergulam“
983 2425 1166 2505 Phoenicio,
1200 2425 1361 2504 Calidoro,

168 2526 331 2592 Pseudolo
359 2528 479 2592 iustum
502 2528 670 2592 horrorem
699 2529 857 2607 iniecisse,
886 2549 958 2592 cum
982 2530 1171 2611 ignorarent
1193 2528 1360 2594 mulierem

167 2631 267 2696 hodie
299 2631 348 2695 vel
380 2652 452 2694 cras
485 2631 579 2694 domo
611 2632 735 2696 lenonis
767 2631 944 2695 abductum
975 2633 1025 2696 iri.
1077 2634 1166 2711 Quae
1200 2633 1361 2698 sententia

170 2735 325 2799 Karsteni
348 2735 401 2824 vix
430 2734 600 2818 probanda
631 2755 701 2799 esse
725 2735 804 2798 mihi
825 2735 962 2800 videtur.
1008 2736 1053 2800 Ut
1076 2737 1159 2799 enim
1183 2736 1362 2817 Calidorus,

151 2839 388 2927 phoenicium,
421 2838 600 2903 Pseudolus
628 2839 787 2920 ignorent,
822 2839 940 2920 quibus
975 2839 1216 2904 condicionibus
1248 2840 1362 2904 mulier

168 2942 264 3006 militi
299 2942 429 3006 vendita
459 2943 501 3006 sit
529 2980 567 2989 -
602 2963 798 3025 quamquam
833 2944 896 3006 iam
931 2965 1030 3027 supra
1070 2943 1361 3009 demonstravimus

170 3045 343 3129 epistulam
369 3045 456 3110 aliud
481 3053 703 3128 argumentum
730 3047 926 3111 continuisse
943 3053 1041 3129 atque
1057 3045 1237 3112 Karstenus
1258 3049 1362 3132 suspi-

140 3189 142 3194 2
170 3157 264 3214 catur
286 3188 329 3199 -
356 3155 464 3213 tamen
494 3149 682 3232 intellegere
713 3171 776 3213 non
805 3170 945 3234 possum,
976 3170 1041 3232 qua
1071 3172 1169 3214 causa
1201 3152 1362 3216 adductus

170 3255 244 3318 leno
269 3253 424 3318 hocloco
449 3253 632 3318 mentiatur.
670 3253 721 3318 Me
739 3253 868 3335 quidem
892 3254 998 3318 iudice
1016 3255 1144 3319 omnino
1169 3255 1360 3334 nonhabet,

173 3379 230 3421 cur
255 3356 455 3422 adulescenti
478 3357 617 3436 „iustum
641 3356 829 3421 horrorem‘
852 3358 973 3420 iniciat.

259 3460 321 3524 Sed
344 3481 455 3524 omues
472 3460 708 3543 discrepantiae
728 3482 792 3524 uno
807 3462 884 3540 ictu,
907 3466 944 3525 ut
959 3463 1005 3524 ita
1021 3462 1136 3541 dicam,
1163 3468 1361 3542 amoventur,

174 3564 201 3627 si
225 3564 309 3628 hanc
332 3585 461 3646 quoque
493 3585 643 3628 scaenam
668 3564 771 3628 eidem
799 3565 976 3648 exemplari
1000 3568 1126 3630 Graeco
1150 3587 1188 3630 ac
1212 3555 1385 3630 scaenam

171 3668 309 3750 primam
333 3668 388 3752 (Β)
412 3667 593 3732 tribuimus
631 3668 752 3732 Versus
775 3669 859 3732 enim
884 3672 1001 3750 225sq.
1025 3670 1146 3751 optime
1170 3691 1242 3733 cum
1266 3691 1363 3753 argu·

172 3777 281 3834 mento
304 3776 496 3854 congruunt,
520 3771 606 3854 quod
629 3792 747 3836 scaena
769 3773 874 3854 prima
888 3771 932 3858 [in
957 3773 1134 3855 exemplari
1158 3772 1283 3837 Graeco
1307 3774 1362 3858 (Β)

175 3874 341 3938 continuit.
388 3862 502 3956 Neque
532 3874 624 3940 miles
651 3875 976 3957 neque-adulescens
1003 3874 1111 3938 lenoni
1138 3897 1240 3958 usque
1264 3877 1362 3942 adid

169 3983 297 4061 tempus
313 3979 486 4061 quicquam
504 3978 737 4062 pependerunt.
776 3978 968 4042 Rectissime
984 3979 1084 4060 igitur
1099 3978 1172 4043 leno
1185 3980 1360 4044 Phoenicio

255 4185 280 4250 1)
299 4183 330 4237 P.
349 4184 503 4254 Langen
522 4185 539 4237 l.
558 4203 581 4238 c.
601 4204 628 4253 p.
648 4186 773 4251 laesam:
802 4183 884 4252 „Wns
909 4186 937 4237 in
963 4185 1054 4238 dieser
1081 4184 1170 4239 Scene
1196 4185 1286 4240 Ballio
1312 4187 1361 4239 der

168 4269 330 4345 Phdnicium
348 4272 464 4338 vorhtlt,
488 4271 563 4325 steht
581 4272 608 4323 in
628 4271 764 4327 scharsem
782 4270 986 4340 Widersprnch
1004 4272 1055 4324 mit
1074 4271 1122 4324 der
1134 4270 1279 4338 Tatsache,
1298 4271 1360 4324 dass

169 4357 207 4408 sie
233 4358 338 4410 bereits
357 4357 485 4410 verkauft
504 4357 559 4409 und
580 4359 610 4410 15
631 4356 724 4410 Minen
743 4357 853 4410 bezahlt
871 4357 933 4410 sind
952 4357 1009 4410 und
1027 4359 1066 4410 sie
1084 4357 1168 4410 heute
1187 4357 1259 4410 noch
1277 4359 1360 4426 abge·

170 4443 229 4494 holt
254 4444 364 4496 werden
393 4444 443 4496 soll
466 4484 470 4494 .
490 4485 495 4496 .
516 4485 521 4497 .
542 4485 547 4495 .
569 4461 600 4496 er
625 4443 709 4495 droht
735 4444 777 4495 ihr
801 4445 854 4496 mit
872 4443 963 4511 Straie
991 4444 1035 4495 fiir
1054 4445 1104 4495 den
1125 4443 1272 4512 folgenden
1292 4443 1359 4513 mag,

171 4544 212 4581 wo
232 4530 270 4581 sie
288 4529 392 4596 jedoch
413 4529 641 4582 voraussichtlich
661 4548 710 4597 gar
729 4529 807 4582 nicht
827 4530 905 4581 mehr
924 4532 951 4582 iu
972 4516 1074 4590 seiuem
1093 4530 1203 4583 Besitue
1222 4532 1280 4582 ist.“

1132 4619 1148 4670 3
