3390 5298
684 545 901 608 ..55-

262 782 264 786 ,
278 718 367 797 Quae
389 737 461 781 cum
476 711 524 780 ita
540 715 613 796 siut,
635 720 762 800 partem
779 737 795 780 e
812 715 934 800 Diphili
950 715 1325 800 Synapothnescontibus
1348 717 1381 782 in

190 820 364 886 Menandri
380 819 543 903 Adelphos
560 842 579 883 a
594 819 745 884 'l'erentio
764 820 919 884 insertam
943 820 1167 885 tautummodo
1184 841 1295 886 versus
1311 822 1382 900 Ill,

193 930 299 990 1-42
324 925 488 988 continere
520 924 669 988 existimo
697 924 846 1006 primum,
877 922 963 1006 quod
994 923 1073 987 nulli
1103 923 1158 987 alii
1186 945 1299 988 versus
1321 925 1384 989 uisi

189 1027 240 1092 illi
263 1050 335 1093 enm
364 1027 471 1092 locum
501 1027 675 1106 continent,
707 1047 770 1110 quo
801 1027 978 1090 secuudum
1007 1027 1108 1091 verba
1136 1033 1253 1110 poetae
1281 1029 1384 1110 ipsius

188 1130 404 1208 „adulescens
426 1131 534 1196 lenoni
557 1131 654 1214 eripit
670 1130 902 1210 meretricem“,
926 1129 1041 1194 deinde
1064 1130 1151 1212 quod
1167 1151 1184 1194 e
1200 1129 1383 1216 fragmento

190 1235 254 1298 sub
285 1235 455 1299 Menandri
491 1235 619 1300 nomine
656 1233 777 1298 tradito
813 1238 845 1296 et
876 1254 915 1296 ex
951 1233 1160 1298 adnotatione
1191 1234 1310 1298 Donati
1341 1234 1384 1298 ad

189 1360 322 1404 versum
345 1345 386 1404 45
416 1338 517 1402 allata
546 1338 653 1403 elucet
682 1358 793 1402 versus
824 1343 995 1420 sequentes
1025 1358 1042 1402 e
1072 1336 1242 1401 Menandri
1272 1337 1385 1401 fabula

187 1441 331 1507 finxisse.

278 1602 294 1684 ξ
319 1604 368 1663 23.
414 1598 538 1678 Quibus
560 1597 718 1663 absolutis
738 1618 933 1680 quaeramus
956 1619 1048 1676 nunc,
1079 1597 1279 1679 quomodo
1302 1597 1383 1662 Me-

187 1702 343 1767 nandri
368 1701 519 1766 fabula
542 1701 780 1784 composita
810 1700 949 1765 luerit.
995 1699 1276 1766 Grauertuseuim
1300 1701 1333 1785 (l.
1358 1722 1383 1764 c.

132 1866 138 1870 .
187 1829 218 1888 p.
248 1811 307 1870 132
319 1806 379 1891 sq.)
404 1805 655 1888 Ctesiphontem,
686 1810 860 1887 postquam
883 1805 1004 1868 Demea
1034 1803 1073 1868 de
1101 1810 1199 1887 raptu
1228 1805 1385 1888 psaltriae

188 1910 221 1972 in
248 1931 366 1974 scaeua
389 1910 437 1974 12
460 1909 614 1986 narravit,
646 1912 721 1972 actu
746 1907 887 1973 secundo
910 1908 1041 1972 ineunte
1064 1907 1177 1972 eodem
1202 1907 1295 1973 modo
1321 1931 1384 1990 quo
1472 1903 1474 1906 ’

185 2014 219 2076 in
245 2013 376 2078 Terenti
398 2012 616 2096 Adelphorum
640 2031 758 2076 scaeua
781 2012 844 2076 113
869 2011 1028 2094 prodiisse
1061 2011 1234 2077 existimat.
1271 2010 1382 2076 lhnius

187 2117 222 2198 (l.
249 2139 274 2181 c.
297 2140 326 2200 p.
351 2119 415 2200 32),
448 2137 543 2198 quem
574 2115 677 2179 Fabia
708 2113 741 2198 (l.
766 2137 791 2178 c.
812 2136 842 2198 p.
871 2116 943 2199 187)
973 2115 1130 2196 sequitur,
1162 2116 1313 2180 Demeam
1345 2116 1385 2180 de
1498 2105 1502 2113 ’

187 2226 288 2304 raptu
319 2219 475 2303 psaltriae
504 2220 602 2302 paulo
630 2219 757 2300 longius
789 2238 887 2301 quam
916 2219 948 2282 iu
975 2239 1093 2282 scaeua
1112 2219 1165 2285 ,12
1189 2219 1385 2282 Terentiana

187 2345 351 2402 narrasse,
375 2329 483 2387 actum
507 2323 683 2387 secuudum
706 2328 813 2386 autem
830 2321 1063 2386 Menandreum
1087 2322 1162 2387 inde
1179 2343 1198 2386 a
1214 2322 1384 2386 Sanniouis

189 2428 362 2509 soliloquio
401 2428 445 2510 (ll
464 2432 491 2504 l,
515 2430 633 2510 42sq.)
671 2426 800 2489 initium
843 2426 967 2509 cepisse
1000 2426 1175 2490 contendit.
1230 2423 1384 2489 Klasenio

189 2531 224 2615 (l.
251 2553 276 2595 c.
305 2555 334 2615 p.
360 2533 393 2614 9)
423 2536 521 2613 poeta
552 2529 697 2593 Graecus
732 2531 857 2593 initium
892 2536 985 2594 actus
1018 2530 1151 2594 secundi
1180 2531 1227 2593 ita
1257 2527 1385 2592 videtur

190 2635 421 2718 composuisse,
443 2639 499 2712 „ut
520 2634 666 2696 lenonem
692 2633 862 2698 induceret
878 2638 1047 2715 argentum
1070 2652 1129 2715 pro
1153 2637 1266 2714 erepta
1283 2653 1384 2696 mere-

189 2741 275 2804 trice
298 2737 540 2820 efflagitantem,
564 2737 619 2819 qui
643 2736 774 2800 uberius
792 2736 831 2800 de
852 2735 1001 2800 Aeschini
1023 2735 1170 2824 facinore
1183 2741 1385 2824 spectatores

190 2843 373 2907 edoceret.“

280 2962 466 3028 Sententiae
498 2966 606 3026 autem
637 2961 767 3026 illorum
796 2961 938 3024 virorum
968 2961 1136 3024 doctorum
1161 2981 1200 3024 ea
1224 2959 1385 3036 decanea

191 3065 426 3151 improbabiles
449 3071 533 3143 sunt,
556 3065 641 3147 quod
658 3069 783 3148 ponunt
800 3064 1001 3141 Aeschinum,
1024 3085 1119 3146 quem
1135 3063 1167 3126 in
1188 3070 1264 3128 actu
1279 3064 1384 3148 primo

192 3171 325 3236 domum
342 3169 482 3233 noudum
503 3168 637 3233 rediisse
651 3168 772 3254 Demea
791 3167 878 3246 dicit,
899 3181 974 3232 actu
998 3166 1138 3232 secundo
1151 3167 1283 3231 ineunte
1297 3167 1384 3231 domi

193 3297 275 3339 esse.
320 3273 433 3356 Neque
464 3292 540 3336 vero
572 3271 762 3352 adulescens
792 3272 877 3335 iuter
908 3276 1016 3335 actum
1046 3272 1186 3354 primum
1213 3276 1382 3335 exeuntem

194 3384 228 3441 et
259 3383 366 3441 actum
399 3375 576 3440 secundum
606 3375 768 3439 ineuntem
799 3375 927 3439 domum
959 3395 993 3440 se
1023 3373 1170 3438 conferre
1199 3375 1315 3458 potuit,
1347 3378 1384 3438 ut

194 3481 374 3545 rectissime
400 3478 629 3543 animadvertit
653 3477 816 3542 Fielitzius
826 3479 860 3562 1).
1360 3479 1363 3488 ⁴

245 3725 270 3790 1)
290 3721 334 3775 W.
345 3721 491 3776 Fielitz:
513 3719 608 3774 Ueher
620 3718 734 3788 Anfaug
752 3719 809 3772 und
820 3719 899 3773 Eude
912 3720 961 3774 der
976 3719 1209 3774 Menandrischen
1225 3718 1383 3788 Adelphen,

192 3810 324 3863 Fleckeis.
340 3807 438 3862 Jahrb.
457 3810 490 3860 97
507 3807 596 3874 (lata)
615 3809 716 3875 p.675:
738 3806 910 3874 „Aeschinus
930 3825 986 3859 war
1003 3806 1060 3860 also
1079 3807 1117 3859 im
1136 3805 1231 3860 Hause
1251 3807 1315 3871 (act.
1329 3805 1383 3872 II).

193 3895 238 3948 Da
256 3913 285 3950 er
303 3913 357 3948 nun
374 3896 439 3948 aber
452 3893 581 3946 wahrend
592 3892 639 3946 des
653 3911 758 3962 ganzen
770 3897 861 3946 ersten
869 3892 959 3946 Aktes
978 3893 1137 3947 ausserhalb
1156 3911 1220 3959 war,
1240 3908 1269 3944 so
1288 3891 1381 3945 witrde

193 4001 245 4034 nur
263 3983 308 4035 die
328 3981 474 4034 Auuahme
493 3981 576 4048 dhrig
594 3976 712 4046 bleiben,
739 3978 801 4032 dass
820 3997 850 4032 er
870 3979 1000 4033 wahrend
1019 3980 1067 4033 des
1088 3978 1311 4032 Zwischenaktes
1329 3995 1383 4031 von

194 4070 298 4122 seinem
318 4066 495 4121 nachtlicheu
511 4067 672 4120 Abenteuer
690 4066 912 4136 zurichgekehrt
931 4067 977 4118 sei.
1014 4064 1099 4119 Diese
1119 4066 1273 4131 Annahme,
1293 4065 1337 4116 die
1355 4065 1382 4116 in

194 4157 243 4208 der
261 4153 314 4208 Tat
340 4156 368 4206 in
394 4153 497 4206 diesem
516 4152 591 4206 Falle
613 4171 667 4206 von
687 4151 757 4206 Ihne
783 4153 913 4222 gemacht
939 4171 971 4204 zu
997 4154 1055 4205 sein
1081 4153 1198 4219 scheint,
1225 4152 1275 4210 wie
1293 4151 1335 4204 sie
1354 4151 1380 4204 in

193 4242 295 4295 anderu
321 4239 415 4292 Fallen
440 4257 492 4292 von
518 4239 619 4292 anderu
644 4240 775 4308 gemacht
798 4241 848 4306 ist,
873 4238 975 4294 beruht
997 4239 1102 4308 jedoch
1127 4237 1176 4291 alif
1197 4237 1271 4290 einer
1295 4235 1382 4288 durch
1439 4228 1441 4232 ’

193 4329 285 4380 nichts
315 4315 506 4393 begriindeteu
534 4325 748 4394 Uebertragung
778 4343 889 4379 unserer
917 4325 1067 4378 moderuen
1099 4323 1289 4391 Ausehauung
1318 4339 1382 4374 vom

194 4411 388 4466 Zwischenakt
407 4411 519 4464 auidas
538 4395 630 4463 antike
651 4410 778 4463 Drama“
