3390 5298
692 574 885 634 „7-

195 749 306 830 partes
335 743 434 811 dividi
460 748 583 830 potest,
614 767 750 828 quarum
775 744 879 812 altera
901 743 934 811 id
959 752 1102 830 spectat,
1134 752 1171 833 ut
1189 747 1280 814 miles
1301 747 1385 815 ludi·

196 851 312 916 ficetur
327 853 403 935 (act.
419 851 443 929 I,
459 851 602 935 Ill-v),
622 851 735 930 altera,
758 855 795 914 ut
817 872 928 915 servus
945 851 1013 916 eius
1037 851 1220 936 decipiatur
1242 859 1317 936 (act.
1331 855 1385 938 11),
1496 850 1499 861 ‘

195 976 299 1038 neque
316 955 399 1019 alter
415 954 520 1020 altera
535 961 753 1038 praeparatur
769 960 826 1019 aut
842 955 1059 1020 continuatur.
1092 957 1130 1020 ln
1146 961 1222 1020 actu
1242 957 1383 1022 secundo

196 1081 308 1124 servus
338 1059 464 1142 pariete
494 1058 641 1142 perfosso
672 1058 830 1138 eluditur,
861 1060 894 1123 in
920 1061 1036 1124 ceteris
1059 1060 1187 1124 actibus
1209 1059 1301 1125 miles
1326 1082 1386 1144 per

194 1163 350 1246 virginem
380 1161 555 1246 fingentem
585 1183 655 1227 sese
679 1163 775 1226 vicini
798 1183 931 1227 uxorem
956 1163 1066 1228 militis
1090 1165 1209 1228 amoris
1234 1165 1384 1247 cupidam

196 1287 266 1332 esse
282 1266 452 1351 decipitur.
487 1267 588 1331 Actus
605 1265 765 1331 secundus
782 1289 798 1330 e
814 1271 885 1331 tota
901 1266 1013 1331 fabula
1027 1265 1122 1332 facile
1146 1269 1244 1332 eximi
1265 1272 1383 1351 potest,

194 1371 281 1455 quod
315 1371 423 1455 paries
456 1370 623 1454 perfossus
655 1370 688 1434 in
720 1370 847 1435 actibus
880 1371 999 1435 III-V
1031 1371 1159 1436 omnino
1194 1371 1386 1454 neglegitur.

194 1475 258 1540 Sed
290 1475 335 1538 illi
369 1480 462 1538 aetus
485 1495 557 1538 cum
581 1479 657 1538 actu
679 1475 709 1539 Il
733 1496 796 1538 non
818 1474 914 1539 modo
937 1496 1000 1538 non
1025 1474 1186 1540 coniuncti
1210 1481 1299 1552 sunt,
1329 1474 1386 1540 sed

196 1579 293 1644 etiam
318 1601 389 1643 cum
411 1579 538 1662 pariete
569 1578 716 1662 perfosso
740 1577 890 1642 videntur
912 1599 1104 1662 repugnare.
1149 1580 1186 1643 In
1206 1580 1236 1644 ll
1260 1585 1278 1644 2
1303 1580 1388 1644 enim

194 1682 374 1747 Palaestrio
391 1703 410 1746 a
426 1681 704 1765 Periplectomene
720 1683 843 1746 certior
861 1682 1118 1748 lactusservum
1143 1682 1305 1765 quendam
1327 1704 1386 1766 per
1463 1680 1467 1686 ’

193 1786 383 1870 impluvium
407 1785 519 1850 militis
534 1785 805 1851 Philocomasium
829 1791 928 1869 atque
950 1785 1111 1870 hospitem
1133 1787 1166 1850 in
1190 1787 1274 1851 senis
1290 1786 1385 1851 domo

194 1890 379 1954 osculantes
400 1890 519 1954 vidisse
543 1886 703 1954 deliberat
726 1890 767 1972 (v.
794 1893 986 1973 lae—230),
1016 1889 1093 1973 quid
1116 1889 1177 1954 sibi
1201 1889 1386 1954 iaciendum

193 1995 244 2072 sit,
268 2015 308 2058 ne
325 2015 344 2057 a
360 1993 460 2059 milite
475 1999 610 2077 propter
625 1994 782 2076 parietem
801 2015 820 2057 a
836 2015 870 2058 se
886 1995 1068 2077 perfossum
1083 2014 1190 2076 poena
1211 1992 1384 2058 afficiatur.
1461 2058 1463 2062 ,

193 2097 317 2162 Deinde
326 2097 638 2181 Periplectomenum
648 2098 699 2175 „in
712 2099 875 2180 regionem
887 2099 1082 2162 astutiarum
1096 2119 1226 2162 suarum
1239 2097 1382 2162 inducit“

194 2201 275 2266 haec
291 2201 390 2266 verba
406 2201 528 2266 faciens
551 2202 592 2284 (v.
610 2203 810 2285 235-237):
834 2201 907 2286 (Pa)
931 2207 1013 2266 Erus
1028 2223 1112 2266 meus
1128 2207 1284 2280 elephanti
1301 2207 1385 2267 corio
1406 2285 1408 2292 Ι

193 2310 423 2369 circnmtcntnsl
449 2326 509 2369 non
539 2325 605 2381 sno,
636 2309 740 2384 Neque
763 2309 854 2370 tabet
878 2311 953 2384 plns
983 2309 1151 2384 sapientiai
1180 2327 1269 2384 qnam
1291 2311 1382 2384 lapis.

194 2408 265 2492 (Pe)
289 2413 356 2488 Ego
378 2414 457 2473 istnc
479 2414 552 2473 scio.
599 2407 672 2492 (Pa)
697 2413 786 2472 Nunc
806 2415 852 2472 sic
874 2415 1023 2473 rationem
1051 2413 1207 2487 incepisse,
1237 2413 1318 2472 toras
1339 2413 1385 2472 in·
1442 2483 1443 2486 Ἴ

193 2518 315 2577 strenam
344 2518 496 2578 arentiam.
543 2513 604 2608 Qui
628 2533 739 2577 versus
762 2513 841 2576 sotis
871 2511 1038 2596 perlucide
1061 2511 1284 2576 demonstrare
1308 2511 1386 2576 mihi

196 2616 345 2680 videntur
360 2616 617 2682 Palaestrionem
634 2616 744 2680 militis
768 2616 908 2680 stultitia
931 2614 1086 2680 confisum
1107 2615 1192 2680 hunc
1209 2615 1318 2680 dolum
1341 2615 1383 2680 ad

194 2720 327 2784 militem
356 2721 460 2803 ipsum
485 2720 710 2804 decipiendum
734 2720 944 2802 excogitasse.
990 2719 1054 2784 Sed
1076 2719 1110 2784 in
1133 2719 1245 2785 fabula
1266 2719 1384 2806 Latina

192 2823 255 2888 hoc
279 2823 352 2888 dolo
375 2845 468 2889 nemo
492 2825 553 2888 nisi
576 2845 687 2888 servus
710 2822 820 2888 militis
843 2822 999 2888 illuditur.
1028 2823 1077 2887 Ad
1100 2822 1381 2907 Pyrgopolinioem

193 2928 299 3010 ipsum
323 2926 554 2992 ludificandum
574 2926 753 2992 Palaestrio
776 2948 893 2991 novum
908 2925 1076 2992 consilium
1100 2926 1142 2991 ab
1164 2927 1226 2991 hoc
1242 2927 1382 2992 alienum

194 3032 228 3094 in
252 3037 328 3096 actu
349 3032 397 3097 111
420 3032 517 3114 capit.

279 3135 416 3201 Militem
438 3135 472 3198 in
495 3156 532 3199 eo
556 3135 733 3218 exemplari
750 3134 885 3214 Graeco,
909 3134 1000 3200 cuius
1020 3139 1112 3198 actus
1134 3134 1166 3198 11
1188 3140 1246 3212 est,
1270 3135 1383 3200 eodem

195 3240 300 3318 modo,
333 3260 397 3322 quo
427 3260 548 3316 servus,
580 3239 711 3307 illusum
739 3259 818 3317 esse,
852 3259 916 3302 non
947 3238 1041 3303 modo
1069 3238 1255 3303 eversibus
1284 3260 1384 3323 supra

194 3344 461 3420 commemoratis
493 3342 548 3407 sed
581 3343 678 3407 etiam
710 3340 898 3406 eversibus
927 3347 1097 3407 ale-258
1129 3341 1243 3406 elucet.
1295 3342 1385 3408 Peri·

192 3447 414 3530 plectomenus
445 3447 528 3510 enim
559 3446 690 3511 iubetur
719 3445 990 3510 Philocomasium
1020 3445 1060 3510 de
1091 3445 1224 3510 oonsilio
1248 3467 1268 3509 a
1291 3467 1383 3516 servo

194 3551 378 3632 excogitato
395 3551 566 3614 certiorem
581 3549 698 3628 facere,
723 3571 781 3630 „ne
798 3549 926 3627 titubet,
944 3551 970 3613 si
987 3550 1137 3632 exquiret
1153 3570 1193 3614 ex
1208 3569 1247 3614 ea
1263 3549 1383 3617 miles“.

195 3654 318 3718 Deinde
351 3653 543 3737 explicatur,
575 3660 654 3737 quot
683 3654 833 3738 perfugia
862 3655 952 3736 virgo
981 3653 1043 3718 sibi
1072 3652 1113 3717 ad
1143 3654 1384 3718 excusationem

194 3779 320 3823 sumere
351 3758 463 3840 possit,
493 3759 539 3836 „si
567 3757 680 3822 ambas
703 3757 813 3821 videre
841 3757 875 3821 in
899 3779 964 3821 uno
992 3757 1083 3822 miles
1112 3757 1248 3822 coneilio
1270 3757 1384 3822 volet“.

195 3862 258 3926 Sed
280 3862 313 3925 in
329 3860 436 3925 Plauti
461 3860 572 3925 fabula
588 3860 679 3926 miles
701 3883 807 3945 neque
823 3883 882 3940 „ex
901 3883 939 3926 ea
956 3862 1115 3944 exquirit‘
1132 3883 1235 3944 neque
1252 3862 1384 3940 „ambas

194 3967 321 4030 sorores
355 3964 485 4028 videre“
520 3965 617 4048 cupit.
663 3966 732 4043 Quo
765 3965 860 4029 modo
891 3964 1089 4028 concinnitas
1118 3964 1249 4030 fabulae
1277 3965 1384 4030 deleta

194 4075 261 4147 est,
298 4069 383 4152 quod
417 4073 633 4151 spectamina
668 4069 724 4151 qui
759 4067 891 4133 militem
924 4089 1053 4151 quoque
1082 4069 1207 4151 pariete
1236 4069 1383 4152 perfosso
1505 4062 1507 4066 ’

192 4173 324 4238 illusum
351 4173 391 4236 iri
423 4178 563 4254 sperant,
597 4172 690 4236 valde
721 4172 943 4255 decipiuntur3
973 4193 1047 4236 nam
1078 4172 1169 4235 miles
1198 4194 1257 4255 per
1291 4177 1384 4236 actus

194 4277 322 4354 III—V,
347 4282 382 4341 ut
404 4277 467 4339 iarn
493 4297 592 4359 supra
616 4278 760 4358 exposui,
784 4298 804 4340 a
826 4277 949 4357 virgine
973 4275 1113 4357 fingente
1137 4296 1207 4339 sese
1223 4275 1383 4358 Periplec-

192 4381 312 4444 tomeni
343 4400 477 4443 uxorem
509 4399 579 4443 esse
609 4378 806 4444 ludificatur.
852 4380 934 4457 Quin
963 4378 1089 4444 Alazon
1119 4379 1176 4442 illa
1199 4375 1263 4441 duo
1286 4399 1383 4460 argu·

193 4489 303 4549 menta
330 4482 426 4567 plane
450 4484 534 4546 inter
558 4503 592 4546 se
614 4482 741 4548 diversa
762 4503 827 4546 non
849 4481 1060 4561 continuerit,
1091 4480 1143 4544 vix
1159 4479 1292 4544 dubium
1313 4500 1383 4544 esse
