3390 5298
773 579 1010 655 ¹-an-

310 744 396 808 viros
427 765 568 810 summos
600 745 769 828 magnifice
791 749 939 831 accipere
963 750 995 813 in
1020 743 1263 813 animo'lrabet.
1309 746 1499 811 Meretrices

311 853 420 912 autem
453 848 583 914 efficere
613 849 714 929 iubet,
747 857 783 915 ιιι
813 853 935 930 „multa
967 874 1101 916 munera
1129 852 1191 916 sibi
1224 851 1266 916 ab
1294 849 1498 915 amatoribus

264 962 266 964 ’
307 950 404 1015 hodie
426 954 654 1034 conveniant“·,
689 956 730 1037 (v.
758 958 833 1038 178)
862 977 931 1019 nom
955 961 1016 1019 nisi
1037 961 1110 1020 mila
1131 976 1235 1034 penus
1259 975 1378 1018 cancor
1407 957 1497 1016 bodie

306 1061 460 1132 conuenit,
482 1076 555 1120 cros
575 1065 688 1135 populo
706 1064 892 1137 prostituere
915 1081 979 1123 uos.

393 1159 594 1237 Quaeramus
624 1182 718 1239 nunc,
751 1183 790 1226 ex
814 1183 879 1244 quo
908 1163 1086 1246 exemplari
1110 1163 1235 1227 Graeco
1265 1162 1347 1226 haec
1378 1179 1497 1224 scaena

306 1261 478 1346 desumpta
501 1263 551 1326 sit.
598 1263 728 1328 Bierma
739 1265 772 1347 1)·
796 1271 829 1330 et
851 1265 952 1346 neo2)
983 1267 1072 1330 illam
1105 1265 1328 1350 exemplarirl
1355 1268 1497 1328 tantum-

304 1366 400 1431 modo
423 1387 462 1430 ea
484 1365 524 1430 de
548 1387 655 1434 eausa,
671 1368 863 1448 attribuunt,
895 1369 982 1452 quod
1009 1371 1091 1448 leno,
1123 1371 1177 1452 qui
1200 1370 1232 1432 in
1257 1372 1282 1432 A
1304 1367 1441 1451 deperit,
1464 1367 1497 1430 in

303 1469 367 1534 hac
398 1489 516 1534 scaena
544 1472 667 1553 primas
698 1478 808 1555 partes
836 1474 913 1555 agit.
959 1473 1050 1552 Quod
1075 1478 1301 1556 argumentum
1325 1493 1344 1535 a
1368 1469 1498 1535 Bierma

305 1579 338 1637 et
359 1574 467 1638 Leone
490 1573 666 1639 adductum
689 1575 860 1658 probabile
891 1598 961 1641 esse
991 1576 1069 1640 mihi
1092 1597 1155 1640 non
1186 1576 1331 1655 videtur;
1363 1595 1438 1638 narn
1464 1573 1497 1636 ιιι

306 1676 427 1742 fabulis
449 1697 552 1742 novae
577 1678 763 1743 comoediae
780 1679 949 1763 depravati
966 1701 1072 1745 mores
1089 1679 1243 1758 „edanum
1266 1679 1497 1763 parasitorum,

250 1825 252 1830 .
305 1801 478 1844 avarorum
501 1782 672 1862 lenonum“
697 1782 750 1865 (cf.
774 1783 845 1847 Ter.
862 1783 1046 1851 Heautont..
1061 1783 1140 1867 prol.
1157 1805 1184 1846 v.
1202 1783 1344 1865 35-40)
1360 1781 1498 1864 *saepius

304 1903 368 1948 non
392 1904 429 1948 eo
453 1883 587 1948 consilio
611 1886 838 1969 depinguntur,
869 1894 905 1951 ut
933 1908 970 1950 eo
994 1887 1116 1951 maiore
1149 1887 1275 1950 laetitia
1305 1884 1497 1960 afficiamur,

305 1988 332 2050 si
354 1986 401 2050 illi
424 1986 570 2051 homines
592 1986 705 2052 fabula
729 1995 866 2054 exeunte
889 1991 1009 2054 iustum
1026 1989 1255 2054 detrimentum
1272 1989 1415 2072 capiunt,
1439 1985 1497 2050 sed

305 2090 493 2172 saepissime
522 2090 570 2154 illi
596 2091 742 2156 homines
772 2093 996 2157 tantummodo
1026 2094 1059 2156 in
1083 2113 1232 2157 scaenam
1256 2091 1429 2175 prodeunt,
1461 2093 1499 2153 ιιι

304 2193 389 2257 risus
418 2195 635 2276 spectantium
664 2203 822 2261 moveant.
866 2197 903 2260 ln
932 2197 1083 2279 Captivis,
1118 2202 1155 2260 ut
1184 2217 1282 2260 unum
1313 2195 1497 2277 exemplum

304 2295 449 2374 afferam,
479 2297 621 2380 Ergaslli
649 2299 786 2382 parasiti
818 2299 978 2382 deperditi
1005 2320 1110 2364 mores
1140 2299 1244 2364 fusius
1267 2299 1496 2381 depinguntur,

303 2405 341 2464 ιιι
368 2422 428 2464 nos
459 2401 556 2465 huius
588 2401 809 2485 impudentiae
844 2403 983 2467 taedeat.
1030 2403 1149 2468 Tamen
1180 2403 1345 2486 parasitus
1374 2403 1437 2464 hac
1465 2399 1497 2462 in

303 2503 416 2568 fabula
447 2503 676 2568 detrimentum
708 2526 771 2569 non
802 2507 898 2589 capit,
930 2506 986 2570 sed
1015 2528 1031 2570 e
1060 2506 1223 2570 contrario
1255 2505 1359 2587 Hegio
1383 2525 1410 2566 v.
1435 2507 1497 2568 895

305 2627 379 2669 eum
403 2607 529 2670 culinae
552 2629 706 2690 praeesse
729 2608 828 2673 iubet.
868 2611 997 2688 Quanta
1019 2617 1126 2674 antem
1144 2609 1314 2674 commoda
1329 2605 1498 2688 Ergasilus

304 2730 344 2773 ex
374 2709 437 2773 hoc
466 2731 599 2774 munere
628 2711 690 2774 sibi
721 2719 968 2794 comparaturus
1000 2714 1051 2792 sit,
1081 2714 1201 2796 optime
1234 2730 1394 2776 escaena
1417 2708 1498 2772 IV3

303 2813 391 2877 illius
412 2813 544 2877 fabulae
572 2813 687 2878 elucet.
732 2815 791 2879 Cui
814 2817 960 2900 exemplo
985 2817 1086 2880 multa
1115 2817 1188 2896 alia,
1224 2815 1341 2899 quibus
1365 2812 1502 2876 demon-

305 2922 429 2980 stratur
462 2922 576 2999 poetas
607 2917 739 2982 Latinos
770 2920 819 2983 vel
850 2919 992 2984 Graecos
1026 2941 1132 2985 mores
1163 2918 1391 2985 nonnullarum
1425 2935 1502 2998 per·

306 3039 459 3083 sonarum
476 3025 601 3083 tantum
617 3041 655 3084 ea
668 3021 707 3085 de
721 3043 819 3086 causa
832 3022 1024 3106 depinxisse,
1041 3030 1078 3087 ut
1089 3028 1273 3106 spectantes
1287 3020 1501 3094 delectarent,

305 3121 427 3186 addere
449 3128 551 3205 potes.
586 3125 676 3202 Quae
693 3146 764 3188 cum
783 3125 829 3189 ita
846 3127 918 3205 sint,
942 3147 981 3190 ex
998 3148 1045 3207 eo,
1069 3126 1154 3210 quod
1170 3127 1244 3191 leno
1260 3127 1292 3189 in
1313 3126 1359 3189 12
1376 3124 1503 3207 primas

306 3214 418 3309 partes
435 3227 512 3308 agit,
536 3248 586 3290 me
602 3227 731 3308 quidem
749 3228 855 3293 iudice
873 3229 1020 3294 concludi
1037 3251 1099 3293 non
1119 3234 1228 3314 potest
1248 3229 1332 3293 hanc
1347 3245 1503 3291 scaenam

306 3350 346 3392 ex
369 3349 407 3392 ea
428 3329 540 3393 fabula
557 3351 628 3394 esse
645 3331 859 3414 desumptam,
882 3334 972 3397 cuius
996 3339 1220 3416 argumentum
1243 3333 1276 3396 id
1302 3334 1439 3416 spectat,
1464 3333 1503 3391 ut

304 3433 379 3494 leno
403 3431 594 3515 decipiatur.
717 3429 719 3432 ’
1433 3423 1436 3430 ’

392 3539 435 3598 Αι
467 3536 543 3600 huic
583 3557 720 3600 scaenae
761 3529 826 3601 alia
865 3539 1040 3603 difficultas
1081 3539 1252 3618 adhaeret,
1297 3557 1394 3621 quam
1434 3537 1504 3599 Leo

306 3637 497 3719 neglexisse,
531 3638 662 3702 Bierma
696 3647 728 3702 et
762 3640 940 3705 Karstenns
975 3663 1038 3705 non
1073 3648 1160 3706 recte
1194 3641 1386 3725 explanasse
1420 3638 1503 3703 mihi

306 3740 466 3804 videntur.
511 3741 616 3804 Ballio
641 3744 724 3805 enim
749 3743 954 3807 Phoenicium
979 3745 1029 3807 his
1052 3745 1159 3809 verbis
1189 3745 1331 3828 graviter
1350 3744 1507 3823 increpat

305 3846 346 3925 (v.
372 3846 573 3926 225-229):

395 4050 419 4117 l)
440 4049 462 4103 I.
484 4049 526 4103 W.
547 4051 691 4103 Bierma
709 4053 726 4104 l.
743 4069 766 4105 c.
785 4071 812 4120 p.
825 4054 873 4104 85:
895 4054 1089 4121 „perspicuum
1108 4058 1150 4106 est
1169 4058 1198 4106 ct
1217 4071 1328 4107 scenam
1348 4051 1505 4106 secundam
1556 4084 1559 4088 -

306 4142 334 4190 et
358 4136 483 4202 tertiam,
511 4137 539 4188 in
567 4138 666 4204 quibus
689 4137 778 4190 Ballio
798 4139 941 4206 primarias
961 4144 1053 4207 partes
1071 4144 1150 4209 agat,
1178 4140 1212 4192 ad
1231 4139 1254 4192 Β
1273 4139 1321 4207 (A)
1339 4137 1506 4191 referendas

377 4223 389 4248 u

306 4239 365 4276 0⁸⁸2
392 4308 418 4373 2)
437 4305 467 4359 F.
487 4305 562 4359 Leo
581 4307 598 4358 l.
612 4324 635 4359 c.
649 4325 675 4375 p.
689 4309 756 4360 348:
780 4307 859 4374 „Nun
873 4309 909 4361 ist
927 4308 971 4362 die
984 4310 1013 4361 ιιι
1033 4308 1082 4362 der
1100 4314 1192 4362 ersten
1206 4308 1294 4363 Scene
1313 4308 1504 4378 angadeutate

308 4392 434 4460 Iutrlgue
460 4409 547 4461 gegcn
576 4393 628 4445 deu
647 4391 736 4446 Vater
763 4394 916 4462 gerichtet3
942 4395 986 4448 die
1008 4397 1103 4449 zweite
1121 4395 1200 4448 leitct
1218 4396 1262 4448 die
1280 4395 1388 4448 Aktion
1407 4411 1503 4464 gagen

307 4480 359 4531 den
375 4479 504 4547 Kuppler
522 4480 579 4531 ein:
598 4497 629 4532 so
648 4478 730 4541 l'allen
750 4479 794 4531 die
813 4479 913 4532 beiden
933 4481 1039 4534 Scenen
1058 4481 1261 4535 aureiuander.“
