3390 5298
758 559 975 624 -10-

346 725 487 788 Cohibete
509 729 594 790 intro
617 731 706 792 tinen
728 734 819 794 etium
842 753 898 796 uos
914 753 1099 814 parumper,
1123 739 1300 802 Pleusicles,

341 832 439 894 Sinite
461 851 508 895 me
524 836 619 910 prius
637 844 853 912 prospectore,
879 858 918 900 ne
940 845 1062 918 uspiam
1085 845 1218 906 insidiae
1241 845 1330 923 sient,

347 936 512 998 Concilium
535 942 618 1014 quod
639 941 755 1002 babere
778 946 926 1005 uolumus.
950 965 1021 1008 num
1040 966 1116 1024 opus
1136 956 1181 1010 est
1203 965 1285 1009 nnnc
1300 953 1363 1007 tuto
1386 947 1466 1013 loco,

347 1041 432 1101 Unde
455 1043 596 1103 inimicus
620 1046 728 1120 nequis
752 1049 853 1106 nostri
875 1051 977 1124 spotia
1000 1053 1105 1127 capiat
1128 1053 1245 1113 consili.
1321 1037 1323 1043 ¹

354 1160 444 1238 Quae
468 1158 569 1224 verba
592 1180 665 1225 cum
687 1161 751 1226 fine
775 1169 869 1230 actus
894 1168 1029 1232 secundi
1052 1169 1180 1234 omnino
1201 1190 1264 1233 666
1282 1183 1466 1250 congruere

267 1262 339 1327 1666
374 1262 493 1328 clarius
528 1268 584 1328 est.
636 1264 696 1329 1116
729 1266 801 1331 1666
836 1289 935 1334 senex
966 1271 1097 1337 domum
1127 1273 1226 1351 redit,
1260 1276 1297 1336 ut
1328 1272 1466 1336 senatus

266 1365 437 1431 habeatur.
484 1367 545 1432 Hic
569 1374 677 1433 66166
703 1371 826 1454 apertis
850 1373 958 1438 verbis
983 1383 1081 1460 atque
1111 1376 1261 1442 dilucidis
1291 1396 1378 1440 nunc
1409 1371 1466 1436 de·

266 1491 353 1535 mum
382 1471 551 1536 eonsilium
583 1471 768 1538 habendum
800 1495 871 1540 6666
906 1481 1147 1560 pronuntiatur.
1200 1480 1263 1546 Sed
1296 1479 1368 1562 quis
1404 1479 1465 1552 est,

267 1573 346 1656 quin
368 1574 514 1655 miretur,
538 1575 564 1640 si
590 1597 700 1641 versus
724 1584 898 1661 sequentes
920 1583 1120 1666 perlegerit?
1161 1583 1341 1648 Palaestrio
1367 1579 1465 1656 enim,

265 1681 439 1760 postquam
473 1700 579 1763 neque
603 1701 623 1744 6
644 1679 739 1745 laeva
761 1702 866 1764 neque
890 1704 910 1748 6
938 1685 1074 1751 dextera
1097 1686 1248 1766 „consilio
1271 1690 1465 1749 venatorem

266 1780 400 1846 adesse“
422 1783 592 1863 intellexit,
624 1783 937 1868 Periplectomenum
962 1795 995 1853 et
1017 1789 1205 1854 Pleusiclem
1229 1792 1381 1854 evocatos
1414 1785 1464 1849 in·
1566 1843 1568 1848 ,

265 1890 413 1968 terrogat
437 1887 478 1968 (v.
500 1885 672 1972 blatern:

419 1994 483 2056 Sed
504 1998 573 2057 uoto
596 1998 698 2057 scire:
720 2000 824 2058 eodem
847 2001 977 2061 consilio
1001 2003 1083 2076 quod
1103 2001 1185 2061 intus
1201 1999 1339 2061 meditati
1358 2013 1466 2057 suenus

421 2097 562 2159 Gerintus
584 2103 669 2159 rem?

354 2197 479 2276 Quibus
502 2198 610 2264 verbis
634 2220 735 2265 senex
758 2201 936 2284 respondet
958 2207 999 2287 (v.
1024 2206 1115 2288 613):

422 2307 523 2381 Manis
546 2324 606 2366 non
623 2313 727 2382 potest
750 2324 818 2368 esse
840 2312 884 2370 oct
905 2327 971 2370 ren
994 2311 1107 2372 utibile.

354 2401 531 2471 Pleusicles
555 2427 684 2490 quoque
709 2408 794 2472 servi
817 2410 1000 2474 sententiae
1025 2409 1201 2474 assent'tur
1224 2409 1264 2492 (v.
1288 2411 1381 2490 614);

422 2515 551 2587 Ouodne
571 2515 658 2576 uobis
674 2518 813 2590 placeat,
839 2517 1003 2591 displiceat
1024 2519 1118 2577 mibi?

354 2614 418 2678 Pro
435 2614 570 2679 consilio
586 2615 687 2698 igitur
702 2618 797 2680 tanta
808 2615 982 2681 verborum
999 2616 1238 2697 magnificentia
1250 2614 1465 2699 pronuntiato
1503 2631 1507 2637 ·

269 2716 569 2800 Periplectomenus
592 2722 625 2781 61
640 2717 816 2782 Ρ166616166
837 2720 1063 2784 1661666616
1080 2720 1191 2785 116661
1206 2740 1276 2783 6666
1293 2717 1466 2782 666611166

268 2820 503 2886 Palaestrionis
526 2821 677 2905 probare.
722 2821 787 2886 Ubi
810 2823 837 2886 si
862 2821 926 2886 alia
949 2823 1011 2888 6161
1035 2822 1092 2887 1116
1114 2843 1219 2906 pauca
1237 2822 1338 2886 verba
1354 2819 1467 2884 facere

269 2923 435 3003 nolebant,
458 2946 523 2989 non
545 2923 636 3004 „loco
659 2929 730 2989 tuto
754 2945 836 3009 opus
860 2933 940 3004 erat,
963 2926 1049 2991 6616
1065 2927 1213 2991 16161666
1229 2926 1344 3007 nequis
1360 2922 1469 3006 spolia

270 3027 381 3110 capiat
411 3028 561 3108 consili“;
592 3049 667 3092 666
695 3028 723 3093 61
752 3028 901 3093 16161666
933 3049 1044 3094 eorum
1072 3029 1172 3094 verba
1203 3028 1390 3115 audivisset,
1426 3046 1468 3089 ex

270 3131 333 3196 hoc
354 3131 516 3215 colloquio
540 3132 670 3196 omnino
693 3132 774 3196 nihil
798 3132 992 3197 concludere
1014 3134 1128 3217 potnit.
1166 3131 1290 3211 Quibus
1314 3151 1331 3194 e
1357 3127 1468 3193 verbis

271 3234 377 3300 elucet
408 3257 520 3300 versus
560 3241 727 3301 596—611
762 3257 869 3319 neque
909 3257 980 3300 curn
1014 3235 1159 3310 versibus
1197 3230 1470 3298 antecedentibus

270 3359 376 3422 noque
399 3360 470 3403 cum
495 3340 707 3423 sequentibus
731 3360 920 3422 congruere.
1405 3333 1408 3340 ’

359 3442 571 3508 Intendamus
587 3465 673 3508 nunc
688 3443 800 3508 oculos
823 3443 866 3507 61
881 3443 982 3507 verba
997 3464 1080 3525 quae
1096 3447 1284 3525 sequuntur.
1310 3437 1470 3504 Versibus

274 3550 445 3611 olo-672
468 3545 645 3611 Pleusicles
669 3567 745 3626 „cor
768 3552 971 3629 corpusque“
995 3567 1086 3610 suurn
1111 3545 1248 3609 eruciari
1265 3543 1355 3622 dicit,
1380 3541 1471 3624 quod

272 3671 292 3714 6
316 3650 597 3733 Periplectomene
620 3650 768 3714 facinora
790 3648 931 3733 puerilia
956 3655 1097 3732 expetat,

302 3789 304 3794 ·
384 3760 470 3830 Quae
492 3759 590 3817 istaec
613 3762 700 3818 uetus
718 3760 835 3833 fucere
857 3754 1063 3832 fortunionis
1086 3773 1175 3830 quant
1197 3755 1461 3918 secturi(solgt2.2)

1329 3857 1356 3898 v.
1465 3883 1471 3897 .

360 3942 466 4007 Senex
490 3947 600 4007 nutem
624 3963 694 4006 sese
718 3941 862 4005 nondum
886 3941 1070 4020 „exaruisse
1090 3961 1129 4004 ex
1152 3939 1295 4004 amoenis
1318 3936 1420 4002 rebus
1438 3942 1473 4001 61

273 4045 486 4130 voluptariis“
521 4051 554 4110 et
584 4045 724 4110 libenter
754 4044 916 4127 hospitem
950 4042 1083 4107 consilio
1114 4050 1213 4125 atque
1244 4063 1360 4126 opera·
1376 4041 1472 4106 adiu-

274 4171 352 4214 vare
375 4145 553 4232 respondet
577 4153 609 4212 61
630 4147 865 4231 benignitatem
891 4168 981 4211 suam
1013 4147 1263 4228 comitatemque
1286 4145 1471 4228 praedicat.

273 4253 467 4318 Rectissime
490 4251 555 4314 166
580 4250 765 4314 Fridericus
789 4249 1035 4332 8616111116.
1058 4270 1088 4331 p.
1106 4249 1181 4329 342)
1206 4247 1374 4311 contendit
1395 4248 1473 4311 illas
1522 4316 1524 4319 ,

274 4356 422 4433 virtutes
453 4353 572 4436 quibus
604 4353 902 4435 Periplectomenus
932 4353 1096 4433 glorietur,
1133 4351 1175 4414 ad
1205 4351 1289 4414 hanc
1321 4351 1471 4415 fabulam

276 4457 405 4522 omnino
429 4478 492 4522 non
509 4455 682 4541 quadrare,
706 4454 793 4538 quod
816 4475 922 4539 neque
939 4454 1116 4518 convivium
1132 4452 1280 4532 habetur,
1307 4460 1345 4518 61
1369 4473 1474 4519 senex
