3390 5298
769 569 985 634 ..12-

374 737 424 804 Illi
451 743 518 804 tres
550 739 620 818 viri,
650 743 823 822 postquam
853 741 999 805 oratione
1030 739 1117 805 ultro
1148 739 1294 822 citroque
1316 738 1431 804 habita
1456 760 1476 804 a

286 844 455 928 proposito
485 842 733 922 aberraverunt,
762 865 847 908 nuno
876 845 1003 910 demum
1035 846 1077 909 ad
1107 865 1177 910 rem
1204 844 1377 910 redeuntes
1401 865 1476 910 con·

288 947 435 1027 stituunt,
464 947 625 1031 quomodo
655 947 748 1012 militi
778 947 1048 1014 Philocomasium
1082 949 1248 1032 eripienda
1278 950 1328 1014 sit.
1374 950 1476 1028 Quem

287 1051 330 1115 ad
351 1050 447 1116 finem
471 1051 652 1117 Palaestrio
682 1051 774 1116 initio
797 1051 893 1116 huius
916 1073 1053 1117 scaenae
1076 1051 1139 1116 hnc
1163 1059 1262 1136 atque
1284 1053 1362 1118 illuc
1385 1074 1475 1136 spec-

287 1155 377 1232 tavit,
400 1175 459 1234 „ne
482 1155 609 1238 uspiam
630 1154 767 1219 insidiae
791 1155 903 1235 sient‘,
926 1157 1076 1239 quoniam
1101 1156 1253 1239 permulti
1276 1156 1405 1220 interim
1422 1176 1477 1220 ac·

286 1259 401 1324 cedere
424 1265 456 1323 et
478 1259 645 1323 consilium
668 1265 800 1341 captare
823 1263 1024 1342 potuerunt?

373 1361 548 1444 Postquam
577 1361 874 1446 Periplectomenus
904 1384 923 1428 a
954 1362 1175 1428 Palaestrione
1205 1363 1313 1428 iussus
1343 1365 1475 1428 torote-

286 1466 421 1531 leutium
445 1471 478 1530 et
500 1465 758 1550 Milphidippam,
782 1487 866 1549 quae
888 1467 921 1530 in
944 1488 1092 1532 scaenam
1116 1467 1245 1532 tertiam
1269 1467 1364 1531 huius
1381 1472 1473 1531 notus

286 1569 457 1654 prodeunt,
481 1569 682 1634 adducturus
705 1570 861 1649 discessit,
888 1592 999 1635 servus
1023 1570 1215 1636 Pleusiclem
1244 1571 1403 1650 hortatur,
1435 1592 1475 1636 ne

287 1674 435 1751 amicam,
457 1672 514 1738 ubi
529 1673 621 1738 miles
642 1673 818 1753 advenerit,
841 1674 1122 1752 Philocomasium,
1147 1674 1203 1738 sed
1226 1674 1358 1738 Diceam
1375 1676 1475 1739 nomi·

287 1782 343 1841 net
365 1778 406 1860 (v.
423 1779 617 1860 soe-812).
663 1777 776 1861 Neque
799 1777 878 1861 quid
900 1778 981 1843 haec
1005 1777 1105 1842 verba
1121 1776 1183 1842 sibi
1199 1777 1307 1856 velint,
1330 1777 1474 1862 intellegi

287 1885 406 1964 potest,
437 1902 508 1945 cum
538 1881 737 1946 adulescenti
769 1902 828 1966 per
857 1887 959 1946 totam
988 1881 1132 1946 fabulam
1157 1882 1285 1946 occasio
1307 1881 1475 1946 consilium

288 1983 519 2050 Palaestrionis
543 1985 698 2070 sequendi
722 2006 784 2050 non
808 1985 913 2050 detur.
1003 2025 1005 2029 ,

374 2088 497 2167 Quibus
529 2089 687 2155 absolutis
721 2088 1031 2173 comprehendamus
1061 2089 1190 2174 paucis,
1231 2089 1308 2172 quid
1342 2111 1381 2154 ex
1410 2089 1474 2156 illis

287 2191 394 2256 verbis
418 2191 634 2257 didicerimus.
680 2195 881 2276 Quamquam
903 2193 1199 2276 Periplectomenus
1231 2199 1307 2257 actu
1331 2193 1473 2258 secundo

289 2300 435 2376 exeunte,
468 2302 506 2361 ut
539 2318 611 2361 curn
645 2297 867 2362 Palaestrione
901 2302 934 2361 et
964 2296 1122 2361 Pleusicle
1155 2297 1308 2380 frequens
1343 2303 1475 2362 senatus

287 2399 475 2478 haberetur,
505 2400 610 2480 rediit,
639 2400 686 2464 illi
714 2406 781 2466 tres
805 2401 864 2465 viri
887 2401 978 2465 initio
1002 2405 1094 2464 actus
1118 2401 1214 2479 tertii,
1247 2407 1283 2466 ut
1306 2401 1474 2466 consilium

287 2503 441 2585 habeant,
465 2510 592 2570 exeunt.
631 2503 787 2569 Versibus
810 2509 980 2570 ora-614
1003 2510 1111 2568 autern
1128 2505 1337 2582 constituunt,
1361 2504 1474 2568 eodem

289 2608 431 2688 consilio,
455 2608 542 2691 quod
561 2609 648 2673 intus
671 2608 819 2673 meditati
843 2615 926 2687 sunt,
951 2630 1017 2673 rem
1035 2629 1156 2691 gerere.
1197 2608 1382 2690 Sequuntur
1406 2615 1473 2677 turn

289 2732 415 2791 versus,
446 2710 564 2796 quibus
595 2711 890 2797 Periplectomenus
926 2733 1017 2777 suam
1051 2712 1204 2776 virtutem
1237 2712 1407 2796 praedicat
1441 2718 1474 2775 et

287 2835 393 2880 mores
424 2816 561 2880 aliorum
592 2815 756 2880 hominum
787 2816 935 2897 castigat.
985 2814 1064 2880 Inde
1094 2836 1114 2880 a
1145 2836 1240 2879 versu
1275 2821 1334 2880 765
1367 2820 1475 2880 autern

287 2918 394 2984 subito
420 2919 586 2984 consilium
604 2919 744 2984 habetur
760 2925 792 2983 et
807 2918 987 2983 Palaestrio
1004 2918 1072 2983 seni
1088 2917 1362 3001 adulescentique,
1386 2939 1470 3002 quae

288 3022 334 3087 eis
356 3021 506 3088 facienda
528 3022 600 3102 sint,
623 3024 771 3107 imperat.

376 3127 460 3205 Quin
492 3126 574 3191 haec
604 3148 722 3192 scaena
750 3127 783 3191 in
814 3126 991 3209 exemplari
1015 3128 1141 3192 Graeco
1173 3125 1233 3190 tali
1263 3126 1358 3190 modo
1391 3147 1477 3190 corn-

288 3231 395 3316 posita
428 3251 492 3296 non
523 3231 630 3311 fuerit,
659 3231 710 3295 his
740 3231 895 3315 expositis
922 3251 1015 3294 nemo
1040 3227 1174 3294 dubitet.
1221 3230 1265 3293 Ut
1286 3231 1352 3292 iam
1376 3251 1476 3312 supra

289 3334 436 3413 vidimus,
463 3334 546 3398 haec
569 3356 687 3398 scaena
709 3333 765 3398 illo
789 3332 917 3416 dialogo
938 3332 1034 3416 longo
1058 3332 1142 3398 inter
1164 3332 1475 3415 Periplectomenum

291 3442 324 3502 et
346 3437 538 3502 Pleusiclem
568 3437 680 3502 habito
711 3458 810 3521 supra
840 3436 969 3502 modum
999 3435 1198 3521 producitur.
1245 3437 1306 3515 Qui
1329 3435 1477 3518 dialogus

289 3544 497 3626 (tlt-764),
531 3562 593 3624 quo
626 3541 801 3606 Pleusicles
831 3561 927 3623 aegre
958 3540 1029 3618 fert,
1063 3540 1148 3624 quod
1178 3539 1476 3624 Periplectomenus

290 3645 437 3710 facinora
458 3645 597 3730 puerilia
621 3651 653 3710 et
675 3649 784 3709 tantos
807 3651 954 3728 sumptus
978 3644 1085 3709 facere
1116 3650 1250 3708 coactus
1279 3643 1330 3720 sit,
1362 3641 1476 3707 haberi

288 3770 352 3814 non
375 3755 492 3832 potest,
517 3749 578 3812 nisi
595 3749 663 3814 seni
679 3747 825 3812 facinora
841 3748 979 3831 puerilia
996 3747 1129 3812 consilio
1144 3748 1209 3811 iam
1225 3747 1351 3832 pridem
1364 3747 1476 3811 habito

286 3853 449 3936 imperata
485 3858 567 3916 sunt.
620 3853 710 3931 Quae
745 3872 816 3915 cum
851 3835 897 3916 ita
931 3852 1003 3930 sint,
1037 3851 1085 3914 illi
1119 3872 1230 3915 versus
1266 3872 1371 3933 neque
1405 3871 1476 3914 cum

287 3956 380 4020 initio
395 3955 491 4020 huius
508 3975 653 4034 scaenae,
678 3976 741 4038 quo
759 3956 926 4019 consilium
942 3954 1127 4019 habendum
1145 3975 1215 4019 esse
1237 3954 1477 4037 pronuntiatur,

288 4080 393 4142 neque
425 4081 496 4124 cum
528 4059 609 4139 fine,
640 4079 704 4141 quo
735 4058 862 4123 demum
894 4057 1060 4123 consilium
1092 4058 1247 4136 habetur,
1287 4063 1478 4139 congruunt,

290 4164 454 4247 quadrant
476 4170 582 4227 autem
608 4162 650 4226 ad
676 4183 784 4227 versus
809 4167 987 4241 ora-615,
1012 4162 1128 4245 quibus
1150 4160 1197 4224 illi
1218 4162 1277 4225 viri
1301 4160 1477 4238 consilium,

289 4266 376 4350 quod
399 4267 486 4332 intus
516 4266 664 4331 meditati
694 4272 783 4344 sunt,
817 4267 909 4348 sequi
935 4267 1142 4330 constituunt.
1189 4268 1295 4348 Atque
1327 4285 1361 4328 re
1393 4285 1478 4342 vera,

290 4372 317 4434 si
351 4391 462 4434 versus
498 4375 667 4434 ola-rea
703 4371 932 4452 expungimus,
974 4370 1082 4433 omnia
1120 4369 1240 4450 optime
1280 4390 1313 4431 se
1347 4367 1477 4430 habent.

289 4473 466 4557 Postquam
500 4473 681 4538 Palaestrio
719 4473 781 4537 hac
814 4493 932 4537 scaena
968 4473 1098 4536 ineunte
1136 4472 1337 4557 (eoo-611)
1368 4469 1478 4554 explo-
