3390 5298
799 511 1014 604 -40-

313 720 503 799 argumento
533 715 563 778 Il
589 735 768 782 senexsua
792 719 906 800 sponte
928 715 1032 778 minas
1056 713 1193 798 pendet,
1225 714 1252 776 si
1273 734 1385 778 servus
1408 712 1502 778 muli-

313 843 400 886 erem
437 843 456 884 a
492 820 606 886 lenone
643 819 825 884 abduxerit.
871 820 928 885 Oui
961 819 1142 884 condicioni
1173 814 1212 882 eri
1246 824 1436 901 argumento
1471 811 1503 883 ll

312 926 503 1008 desumptae
536 925 577 1008 (si
608 946 719 989 servus
751 924 919 988 mulierem
953 946 972 991 a
1004 925 1118 988 lenone
1148 923 1334 1005 abduxerit)
1364 924 1502 988 Plautus

313 1028 451 1094 alteram
483 1027 701 1093 condicionem
733 1029 775 1092 ad
803 1034 1028 1111 argumentum
1058 1028 1073 1090 I
1099 1031 1302 1110 spectantem
1325 1029 1366 1111 (si
1387 1049 1501 1092 servus

313 1134 382 1197 seni
404 1132 514 1216 aliquo
539 1131 612 1197 dolo
634 1133 747 1214 viginti
768 1134 872 1197 minas
903 1132 1072 1215 eripuerit)
1103 1130 1229 1195 addidit
1259 1137 1291 1195 et
1322 1131 1384 1196 hoc
1405 1132 1502 1197 modo

311 1237 368 1302 illa
384 1236 447 1301 duo
465 1235 663 1318 exemplaria
679 1237 895 1300 commiscuit:
920 1236 1007 1300 Simo
1023 1255 1115 1299 servo
1138 1235 1251 1316 viginti
1274 1237 1378 1300 minas
1400 1236 1503 1312 dabit,

314 1343 341 1405 si
369 1341 423 1405 ille
452 1362 472 1404 a
501 1340 615 1404 lenone
646 1341 781 1404 amicam
813 1339 986 1404 abduxerit
1015 1344 1047 1402 et
1078 1341 1147 1402 seni
1176 1340 1238 1420 ipsi
1262 1340 1375 1420 viginti
1397 1342 1501 1404 minas

313 1445 422 1527 aliquo
449 1444 524 1508 dolo
550 1444 714 1527 eripuerit.
760 1443 911 1524 Neglexit
935 1448 1043 1506 autem
1066 1441 1202 1506 Plautus
1232 1443 1368 1507 alteram
1392 1444 1502 1508 condi-

314 1549 437 1612 cionem
459 1547 554 1612 huius
577 1548 737 1630 pectionis
761 1567 937 1629 congruere
961 1568 1033 1610 cum
1051 1547 1206 1628 praemia
1237 1546 1325 1629 quod
1349 1548 1509 1611 scaeda.

313 1658 422 1716 turum
439 1672 510 1715 esse
531 1651 618 1715 Simo
640 1651 810 1734 promittit,
835 1652 861 1714 si
884 1649 1062 1715 Pseudolus
1085 1654 1258 1732 utramque
1282 1649 1503 1716 condicionem

313 1755 540 1837 persoluturus
564 1753 672 1819 fuerit.

401 1858 506 1922 Aliam
528 1859 612 1922 viam
636 1857 825 1922 Schmittius
849 1859 1013 1939 ingressus
1036 1861 1095 1934 est,
1119 1858 1175 1939 qui
1197 1859 1362 1922 existimat
1384 1858 1506 1923 discre-

314 1964 461 2046 pantias,
498 1983 579 2045 quas
611 1960 788 2026 Pseudolus
817 1960 970 2044 praebet,
1005 1983 1067 2025 non
1098 1983 1134 2026 eo
1169 1983 1240 2026 esse
1274 1968 1379 2040 ortas,
1418 1963 1507 2045 quod

314 2067 450 2130 Plautus
484 2088 555 2130 eam
585 2087 602 2130 e
634 2063 760 2128 duabus
790 2065 910 2129 fabulis
941 2064 1075 2129 Graecis
1114 2066 1414 2144 contaminavisset,
1446 2067 1505 2130 sed

317 2169 403 2253 quod
419 2175 517 2253 poeta
534 2170 669 2247 Latinus
693 2169 859 2250 exemplar
882 2168 1043 2233 Graecum
1067 2169 1310 2234 decertavisset.
1348 2170 1506 2253 Exemplo

315 2275 424 2340 Attico
455 2278 592 2338 exeunte
621 2292 684 2336 non
714 2272 808 2336 modo
838 2272 999 2337 Simonem
1023 2273 1137 2355 viginti
1167 2275 1270 2337 minas
1301 2294 1360 2337 sua
1390 2280 1507 2356 sponte

316 2378 458 2455 solvisse,
482 2377 538 2441 sed
559 2377 657 2441 etiam
677 2396 804 2439 servum
820 2377 974 2440 maiorem
996 2377 1168 2459 pecuniam
1191 2397 1211 2439 a
1233 2396 1308 2440 sene
1331 2376 1507 2442 abstulisse

316 2481 369 2564 (cf.
393 2481 412 2545 l.
437 2503 462 2544 c.
486 2503 516 2563 p.
533 2483 597 2561 45).
639 2479 729 2556 Quae
751 2482 912 2544 sententia
934 2481 999 2543 iam
1022 2501 1041 2544 a
1063 2472 1222 2563 principio
1245 2479 1324 2542 mihi
1345 2479 1506 2563 displicet,

315 2585 401 2667 quod
432 2584 620 2667 intellegere
653 2604 717 2647 non
749 2604 897 2666 possum,
939 2605 997 2647 cur
1028 2605 1140 2648 servus
1173 2586 1205 2648 in
1237 2585 1293 2648 illo
1325 2585 1505 2668 exemplari
1599 2619 1604 2626 ·

315 2688 440 2753 Graeco
472 2689 540 2752 seni
569 2693 739 2770 argentum
770 2689 935 2770 eripuerit.
980 2687 1170 2752 Schmittius
1194 2688 1225 2772 (l.
1251 2709 1275 2754 c.
1297 2710 1328 2770 p.
1345 2689 1400 2771 42)
1423 2689 1506 2753 haec

313 2791 413 2856 verba
443 2791 537 2855 facit:
569 2791 674 2870 „Quid
702 2790 803 2854 refert
834 2792 970 2854 amicam
1000 2790 1150 2869 liberari,
1181 2793 1244 2855 nisi
1263 2798 1410 2874 sumptus
1432 2793 1506 2857 fieri

313 2897 465 2978 potest?“
511 2894 574 2959 Sed
604 2894 661 2957 illa
685 2914 785 2958 eausa
807 2915 827 2957 a
850 2893 1020 2958 Schmittio
1053 2894 1154 2958 allata
1175 2896 1304 2958 minime
1325 2895 1506 2979 probabilis

315 3003 380 3076 est,
411 2998 497 3080 quod
519 3003 618 3080 poeta
637 2997 670 3061 id
693 3019 791 3060 unum
816 3003 952 3081 spectat,
975 3005 1012 3061 ut
1034 3018 1144 3062 omnes
1168 2997 1378 3063 difficultates
1401 3022 1506 3064 remo-

314 3107 397 3179 veat,
420 3100 537 3183 quibus
552 3103 675 3166 iuvenis
696 3101 831 3164 amicam
859 3123 953 3164 suam
974 3101 1127 3184 amplecti
1149 3101 1348 3184 prohibetur.
1386 3104 1422 3167 ln
1441 3103 1506 3168 fine

313 3204 445 3269 fabulae
468 3205 583 3269 mulier
605 3206 638 3268 in
660 3209 858 3287 potestatem
882 3205 1097 3270 adulescentis
1120 3206 1256 3270 redacta
1278 3214 1337 3284 est,
1363 3209 1505 3291 pretium

313 3329 411 3373 senex
441 3327 501 3372 sua
534 3314 649 3391 sponte
683 3308 785 3375 solvit.
832 3308 924 3373 Unde
955 3315 1063 3373 autem
1094 3311 1217 3373 iuvenis
1244 3317 1413 3392 argentum
1444 3311 1507 3376 sibi

316 3418 492 3496 comparet,
508 3418 545 3476 ut
561 3417 727 3494 „sumptus
743 3411 813 3475 fieri
828 3413 960 3495 possit‘,
984 3419 1082 3495 poeta
1100 3434 1167 3476 non·
1180 3421 1283 3492 curat,
1304 3414 1345 3478 ad
1361 3413 1506 3478 fabulam

315 3537 379 3580 non
401 3517 551 3600 pertinet.
598 3516 661 3580 Sed
684 3513 784 3579 verba
801 3522 918 3598 poetae
942 3517 1043 3599 ipsius
1065 3517 1288 3581 demonstrant
1311 3518 1506 3582 Pseudolum

313 3625 442 3684 tantum
474 3640 513 3683 ea
543 3619 582 3682 de
615 3639 714 3682 eausa
741 3620 809 3682 seni
831 3620 1002 3702 pecuniam
1025 3621 1151 3702 eripere
1169 3621 1270 3698 nelle,
1308 3626 1344 3686 ut
1367 3643 1427 3704 pro
1449 3623 1506 3686 illo

315 3729 449 3806 argento
487 3724 625 3786 amicam
661 3744 680 3785 a
711 3722 826 3786 lenone
859 3723 1008 3786 redimat.
1054 3723 1140 3788 Simo
1173 3713 1257 3787 enim
1292 3746 1383 3788 servo
1427 3726 1508 3790 dicit

314 3830 357 3911 (v.
380 3832 443 3892 482
461 3827 539 3910 sq.);
573 3831 709 3905 Ecquem
748 3833 808 3890 seis
842 3832 938 3903 silium
973 3831 1126 3890 tibicinam
1164 3831 1265 3890 Meum
1302 3837 1430 3893 umere?
1464 3869 1506 3876 —-

317 3933 464 3995 liberare
488 3952 577 4009 quom
607 3936 703 3994 uelit?
749 3935 870 4008 aeques
904 3935 1017 4009 uiginti
1050 3935 1148 3993 minas
1184 3936 1308 3995 Perdes
1341 3943 1374 3995 at
1411 3954 1430 3996 e
1460 3955 1507 3996 me

314 4040 464 4113 ecferas?
508 4035 599 4116 (504)
629 4039 711 4110 Ouid
732 4055 814 4098 nane
836 4031 957 4111 egetis?
988 4055 1057 4096 unm
1084 4039 1155 4097 hirec
1185 4040 1305 4112 quidem
1334 4057 1505 4100 smenon

308 4147 413 4216 potest
445 4142 612 4216 Argentum
645 4140 788 4212 auferri,
824 4143 876 4215 qui
905 4143 1093 4215 praesertim
1123 4144 1280 4202 senserim.
1328 4138 1506 4204 Pseudolus

314 4245 422 4304 autem
450 4241 626 4323 respondet
654 4245 694 4326 (v.
713 4243 807 4323 509):
837 4245 897 4304 Abs
927 4252 956 4304 te
987 4247 1125 4319 equidem
1155 4263 1288 4316 semein,
1321 4243 1445 4307 seilicet
1469 4249 1507 4306 ut

315 4344 451 4419 amicam
475 4343 853 4408 adulescentisliberare
876 4345 1005 4426 possim.
1054 4344 1142 4419 Quae
1166 4365 1238 4406 cum
1262 4346 1308 4408 ita
1331 4347 1403 4423 sint,
1435 4367 1507 4409 sen-

316 4447 419 4512 tentia
436 4447 599 4512 Schmittii
617 4454 658 4512 ut'
668 4449 797 4511 minime
814 4446 991 4530 probabilis
1011 4446 1174 4511 reicienda
1189 4443 1258 4510 esse
1274 4448 1352 4511 mihi
1370 4449 1507 4513 videtur.
