3390 5298
760 579 977 648 ...ὅθ-ς

355 754 392 820 In
415 755 565 838 proxima
588 776 707 820 scaena
731 756 884 823 Chremes
906 757 1025 842 prodit,
1048 776 1142 839 quem
1167 756 1265 821 Thais
1286 756 1406 820 iterum
1420 753 1467 818 ed

271 879 305 922 se
318 859 542 938 arcessirerat,
559 864 596 924 ut
613 859 703 924 illum
716 861 886 925 certiorem
898 861 1023 926 iaceret
1038 882 1072 925 se
1089 861 1118 925 oi
1134 880 1277 924 sororem
1290 860 1468 924 restituere

271 982 375 1044 posse.
421 963 506 1026 Rira
528 963 561 1026 in
581 962 638 1027 illo
660 965 805 1028 convivio
834 964 920 1028 inter
943 964 1099 1028 Thaidem
1122 969 1155 1028 ot
1184 963 1384 1027 Thrasonem
1408 983 1467 1025 ex-

268 1070 343 1128 orta
365 1066 519 1131 Chremes
542 1067 575 1130 in
602 1088 721 1132 scaena
743 1067 822 1132 lvo
845 1069 1030 1146 revertitur,
1061 1067 1159 1131 Thais
1182 1067 1215 1132 in
1238 1087 1357 1131 scaena
1376 1065 1419 1129 lV
1435 1068 1465 1126 6.

267 1166 362 1232 Miles
396 1176 514 1247 autem,
545 1175 584 1233 ut
612 1170 815 1253 Pamphilam
851 1176 1012 1254 reposcat,
1044 1169 1224 1234 meretricis
1266 1170 1396 1234 domum
1430 1168 1466 1230 in

269 1291 389 1335 scaena
412 1271 491 1336 IV7
517 1280 694 1356 oppugnat.
738 1274 841 1351 Quam
867 1295 1027 1353 scaenam,
1051 1294 1135 1356 quae
1155 1273 1267 1336 militis
1289 1271 1466 1336 stultitiam

206 1403 209 1408 ·
267 1374 513 1457 vanitatemque
544 1374 695 1455 illustret,
724 1397 742 1440 e
775 1375 892 1442 Colace
922 1376 1125 1460 desumptam
1157 1397 1226 1441 esse
1263 1395 1374 1440 omnes
1404 1372 1468 1437 viri

270 1478 358 1542 docti
392 1479 608 1544 consentiunt.
653 1479 835 1544 Verisimile
871 1486 920 1546 est
952 1480 1087 1544 militem
1120 1481 1152 1542 in
1188 1479 1303 1544 Colace
1338 1477 1468 1542 lenonis

269 1581 400 1647 domum
430 1582 678 1666 oppugnantem,
710 1589 747 1647 ut
775 1583 917 1667 puellam
945 1583 1155 1662 adulescenti,
1186 1583 1238 1646 oui
1269 1581 1342 1646 leno
1374 1580 1466 1644 illam

268 1684 469 1764 vendiderat,
501 1687 652 1768 eriperet.
698 1686 868 1752 Terentius
898 1693 1002 1752 totam
1032 1707 1183 1751 scaenam
1213 1687 1246 1749 in
1271 1685 1467 1749 Eunuchum

269 1789 438 1854 transtulit
472 1795 506 1854 et
534 1810 607 1853 mea
637 1790 768 1872 quidem
798 1792 960 1854 sententia
990 1811 1030 1854 ea
1066 1790 1174 1868 verba,
1212 1810 1296 1872 quae
1326 1788 1402 1852 leno
1430 1788 1467 1849 in

269 1891 386 1956 Colace
412 1891 500 1971 iecit,
524 1892 651 1972 Thaidi,
675 1914 759 1975 quae
782 1894 973 1958 adulescens
993 1893 1079 1972 iecit,
1111 1893 1274 1958 Chremeti
1298 1892 1462 1956 attribuit.

267 1995 378 2059 Verba
401 1996 485 2060 enim
509 1995 695 2075 Thrasonis,
719 2003 755 2061 ut
778 1981 875 2062 unum
890 1997 1074 2079 exemplum
1091 1997 1225 2061 afferam
1249 1998 1291 2080 (v.
1307 1997 1341 2079 4)
1379 1998 1466 2058 Male

268 2103 405 2164 mulcabo
431 2089 540 2177 ipsum,
571 2119 655 2182 quac
691 2100 731 2162 ad
762 2100 917 2164 Thaidem
956 2107 1114 2183 spectant,
1147 2102 1180 2164 in
1212 2099 1330 2165 Colace
1361 2099 1466 2161 multo

219 2264 222 2269 .
270 2203 385 2267 melius
415 2203 458 2268 ad
488 2202 635 2267 lenonem
667 2203 878 2285 quadravisse
908 2204 987 2267 mihi
1017 2204 1175 2268 videntur.
1227 2203 1301 2267 liuc
1330 2189 1468 2276 accedit,

271 2307 358 2388 qnod
385 2306 485 2370 Thais
516 2306 606 2370 nullo
640 2306 702 2369 alio
725 2307 795 2370 loco
822 2307 918 2370 huius
947 2306 1077 2371 fabulae
1107 2313 1174 2371 tam
1205 2306 1412 2390 impudenter
1434 2308 1471 2367 et

271 2409 427 2474 audacter
451 2432 485 2474 se
513 2411 599 2492 gerit
622 2430 718 2491 quam
741 2411 773 2473 in
800 2409 862 2474 hac
892 2431 1018 2474 scaena.
1054 2410 1207 2475 Chremes
1238 2430 1377 2493 quoque,
1409 2407 1469 2488 qui

269 2513 304 2577 in
319 2533 437 2584 scaeua
453 2514 524 2578 lvc
545 2512 694 2576 timidum
712 2519 744 2576 et
767 2513 932 2596 stupidum
957 2535 991 2578 se
1013 2515 1174 2597 praebuit,
1200 2515 1233 2577 in
1256 2532 1376 2577 scaena
1391 2511 1465 2575 IV‘!

271 2622 422 2681 strenuus
445 2623 479 2682 et
501 2617 666 2681 animosus
688 2623 745 2680 est.
792 2617 881 2694 Quae
904 2615 1112 2682 differentiae
1130 2619 1162 2680 in
1184 2639 1221 2700 eo
1243 2617 1371 2700 positae
1395 2635 1469 2679 esse

268 2720 348 2786 mihi
377 2720 538 2800 videntur,
567 2719 655 2804 quod
683 2719 852 2784 Terentius
885 2720 948 2784 hac
983 2722 1015 2784 in
1045 2743 1163 2786 scaena
1191 2720 1308 2785 Thaidi
1340 2725 1468 2802 partem

268 2824 401 2903 lenonis,
433 2824 597 2889 Chremeti
625 2830 752 2907 partem
783 2822 1001 2888 adulescentis
1037 2825 1199 2889 attribuit.
1244 2823 1329 2901 Quin
1359 2828 1470 2886 tamen

177 2956 180 2964 ·
269 2929 381 3005 multa,
412 2948 496 3010 quae
528 2928 569 2991 ad
594 2916 783 2992 Eunuchum
817 2927 920 3010 ipsam
953 2927 1127 2992 referenda
1159 2932 1242 3005 sunt,
1275 2925 1472 2989 aTerentio

274 3030 387 3094 addita
410 3034 484 3109 sint,
509 3051 602 3095 nemo
629 3030 802 3095 dubitabit.

359 3135 464 3199 Valde
498 3135 558 3197 viri
595 3134 683 3197 docti
710 3135 795 3197 inter
830 3154 863 3197 sc
899 3134 1092 3198 dissentiunt
1128 3133 1168 3196 de
1207 3131 1340 3195 fabulae
1370 3130 1470 3215 exitu.

276 3238 454 3302 Nencinins
482 3237 515 3317 (l.
533 3259 558 3300 c.
578 3259 608 3318 p.
623 3224 686 3318 99)
701 3237 752 3300 his
782 3239 822 3300 in·
846 3238 972 3300 scaenis
998 3236 1184 3300 Terentium
1219 3234 1261 3298 ab
1290 3233 1472 3316 exemplari

283 3342 410 3410 Graeco
434 3340 637 3405 aberravisse
660 3345 762 3435 putat,
791 3347 828 3402 ut
849 3341 987 3422 parasiti
1011 3346 1044 3402 et
1066 3339 1176 3403 militis
1198 3359 1366 3421 personas,
1389 3357 1476 3420 quae

277 3445 364 3509 haud
391 3445 570 3508 mediocres
601 3445 634 3506 in
655 3441 767 3506 iabula
789 3450 901 3524 partes
927 3443 1151 3518 obtinuissent,
1180 3461 1285 3523 usque
1310 3440 1474 3504 adfinem

279 3553 542 3630 persequeretur.
599 3546 711 3610 lhnius
749 3544 782 3628 (1.
800 3566 825 3608 c.
846 3567 876 3628 p.
894 3545 949 3626 20)
985 3545 1119 3609 ultimae
1153 3565 1292 3608 scaenae
1329 3543 1474 3627 priorem

279 3656 407 3732 partem
435 3653 552 3732 (usque
582 3649 674 3713 adv.
697 3649 752 3730 23)
786 3669 826 3711 ex
856 3647 1022 3726 Eunuch0,
1060 3669 1077 3711 e
1109 3648 1225 3712 Colace
1259 3647 1477 3730 posteriorem

281 3753 460 3817 derivatam
495 3773 566 3817 esse
596 3751 769 3818 contendit.
823 3751 887 3816 Sed
922 3753 955 3816 in
985 3751 1155 3815 Menandri
1184 3751 1301 3815 Colace
1330 3748 1476 3832 puellam

281 3857 478 3920 civem-esse
500 3862 532 3919 et
557 3855 599 3919 ab
622 3854 830 3920 adulescente
858 3856 891 3918 in
921 3854 1161 3919 matrimonium
1190 3854 1266 3918 duci
1296 3873 1398 3936 supra
1421 3873 1477 3916 ex·

278 3959 457 4041 posssimus.
502 3960 618 4040 Itaque
642 3958 771 4022 minime
801 3957 873 4021 iiori
896 3957 1010 4039 potuit,
1045 3964 1081 4021 ut
1108 3957 1200 4022 miles
1223 3955 1320 4034 idem,
1344 3955 1434 4037 quod
1458 3976 1478 4018 a

281 4061 445 4125 Phaedria
469 4062 556 4143 apud
579 4061 767 4124 Terentium
790 4061 915 4143 petivit,
946 4066 1003 4136 „ut
1031 4060 1167 4124 haereat
1189 4061 1221 4124 in
1244 4066 1342 4143 parte
1366 4061 1480 4140 aliqua

280 4163 366 4244 apud
391 4163 577 4240 Thaidem‘,
615 4163 648 4226 id
678 4168 728 4226 est
749 4163 836 4244 apud
858 4160 1070 4242 meretricem,
1102 4185 1121 4226 a
1145 4164 1278 4244 virginis
1301 4163 1420 4226 marito
1445 4162 1478 4224 in

279 4265 448 4328 Menandri
470 4265 587 4330 Colace
609 4264 802 4347 postularet:
846 4265 1026 4329 Verisimile
1050 4272 1099 4331 est
1115 4266 1311 4344 Terentium,
1335 4285 1375 4328 ne
1401 4263 1478 4328 illas

278 4389 445 4450 personas,
476 4390 556 4450 quas
587 4388 687 4431 novas
721 4367 909 4444 introduxit,
940 4357 1103 4450 neglectas
1126 4369 1336 4451 relinqueret,
1375 4367 1478 4431 Thra-

280 4492 389 4536 sonem
430 4477 462 4538 et
494 4471 699 4535 Gnathonem
730 4471 847 4534 iterum
878 4472 910 4533 in
943 4492 1092 4535 scaenam
1123 4473 1326 4556 produxisse.
1382 4471 1479 4555 Apud
