3390 5298
716 574 1002 643 ,-4e-

302 765 395 808 onem
419 741 546 806 vivendi
561 741 747 824 Pamphilus
770 747 900 806 secutus
917 744 967 822 sit,
991 749 1023 808 et
1046 745 1077 807 in
1094 745 1258 810 Perinthia
1274 751 1307 809 et
1321 745 1353 808 in
1370 743 1492 808 Andria

301 846 470 912 Menandri
500 845 607 910 locum
637 845 791 910 habuisse
822 852 966 930 possunt.
1022 847 1163 913 Fabulae
1194 855 1301 913 autem
1332 848 1493 932 expositio

300 950 447 1016 versibus
463 954 613 1014 42-140
629 954 694 1012 tam
714 949 785 1014 fuse
808 949 999 1033 explicatur,
1023 957 1059 1015 ut
1085 974 1105 1015 a
1128 951 1298 1034 soliloquio
1314 951 1492 1016 abhorrere

301 1061 333 1142 et
371 1076 387 1119 e
425 1053 593 1118 Perinthia
622 1073 692 1117 esse
723 1053 883 1118 translata
911 1054 1070 1134 videatur,
1104 1077 1299 1138 quamquam
1335 1055 1491 1119 Andriam

301 1179 429 1243 quoque
458 1155 629 1222 Menandri
659 1156 795 1222 similem
826 1151 1068 1241 expositionem,
1099 1160 1284 1224 sed-multo
1308 1159 1490 1224 breviorem

300 1263 496 1328 continuisse
518 1262 630 1344 negari
661 1282 725 1325 non
745 1267 861 1345 potest.
907 1263 1027 1332 Versus
1053 1269 1229 1344 141-144,
1257 1263 1375 1346 quibus
1404 1265 1493 1328 Simo

300 1368 412 1431 Sosiae
437 1352 586 1449 imperat,
618 1370 655 1429 ut
688 1365 937 1448 perterrefaciat
969 1366 1100 1445 Marum,
1129 1367 1280 1431 observet
1306 1367 1418 1446 filium,
1450 1367 1495 1430 ad

300 1490 434 1536 uxorem
454 1491 518 1533 non
542 1475 637 1552 aptos
660 1469 813 1533 Terentio
833 1469 896 1552 ipsi
911 1469 1121 1534 vindicandos
1145 1491 1214 1534 esse
1234 1470 1407 1536 verisimile
1431 1475 1492 1535 est.

388 1592 478 1670 Quae
502 1591 644 1656 comita
667 1591 739 1669 sint,
762 1612 797 1656 re
821 1611 899 1655 vera
921 1592 1026 1675 prima
1049 1612 1167 1656 scaeua
1190 1591 1374 1657 Perinthiae
1389 1613 1495 1676 paene

301 1697 421 1762 eisdem
438 1695 553 1774 verbis,
570 1695 688 1778 quibus
706 1694 1015 1773 AndriaMenandri,
1032 1694 1101 1761 esse
1111 1697 1233 1779 scripta
1252 1696 1377 1761 videtur
1387 1715 1495 1778 neque

300 1801 468 1879 habemus,
493 1821 550 1864 cur
565 1799 657 1863 lhnio
669 1800 693 1882 ¹)
710 1798 917 1864 contendenti
933 1799 1006 1864 illas
1022 1800 1103 1864 duas
1121 1800 1239 1864 Donati
1256 1800 1495 1878 adnotationes

301 1925 383 1987 quas
399 1925 499 1986 supra
516 1902 719 1982 adduximus,
735 1904 820 1966 inter
837 1924 870 1967 se
887 1903 1059 1968 dissentire
1074 1905 1299 1968 assentiamur.
1322 1905 1495 1969 Terentius

301 2009 409 2091 igitur,
440 2012 477 2071 ut
507 2027 605 2090 supra
629 2006 931 2084 demonstravimus,
959 2007 1097 2089 primam
1129 2029 1279 2072 scaenam
1310 2007 1496 2072 Perinthiae

301 2132 364 2175 non
388 2111 548 2192 integram
564 2111 597 2173 in
614 2109 768 2174 Andriam
784 2110 961 2189 transtulit,
986 2111 1041 2175 sed
1059 2117 1091 2174 et
1106 2111 1197 2174 initio
1215 2112 1294 2174 etin
1317 2110 1380 2175 line
1396 2110 1494 2174 huius

299 2235 439 2280 scaenae
469 2214 639 2278 nonnullos
662 2235 774 2278 versus
797 2213 837 2278 de
859 2235 918 2278 suo
950 2214 1076 2278 addidit
1101 2221 1133 2279 et
1155 2214 1215 2278 hoc
1247 2214 1341 2278 modo
1371 2215 1494 2297 optime

301 2324 403 2383 totam
433 2338 585 2382 scaenam
616 2339 688 2382 cum
721 2318 846 2400 reliqua
878 2317 991 2382 fabula
1021 2318 1166 2388 confudit
1197 2323 1296 2400 atque
1332 2317 1493 2382 conflarit.

385 2442 457 2520 Qua
480 2461 579 2504 causa
602 2439 762 2504 adductus
786 2446 884 2522 poeta
906 2460 966 2523 pro
991 2461 1092 2504 uxore
1107 2439 1260 2504 libertum
1277 2439 1496 2516 substituerit,

301 2566 361 2629 pro
386 2551 474 2609 certo
513 2542 576 2606 dici
611 2564 675 2606 nou
705 2550 822 2626 potest.
869 2544 932 2608 Alii
963 2544 1023 2607 viri
1054 2543 1141 2607 docti
1173 2543 1262 2608 velut
1289 2541 1494 2622 Dziatalm2),

302 2647 498 2733 Regelius3),
522 2647 661 2729 Fabiae)
683 2648 890 2730 suspicantur
906 2646 1091 2713 Terentium
1114 2653 1296 2712 matronam
1315 2647 1497 2710 Romanam

302 2753 334 2815 in
364 2772 515 2816 scaenam
544 2751 726 2833 producere
758 2750 934 2815 dubitasse.
990 2752 1094 2816 Aliam
1126 2773 1257 2816 oausam
1288 2748 1496 2833 Kampius5),

303 2857 358 2939 qui
373 2854 568 2936 Menoinioss)
590 2853 717 2917 videtur
742 2875 828 2932 „rem
853 2875 912 2918 acu
934 2857 1110 2937 tetigisse‘,
1134 2855 1267 2920 adducit
1289 2854 1372 2918 haec
1395 2853 1498 2917 verba

302 2960 441 3024 faciens:
473 2959 558 3036 „Der
590 2957 703 3022 Grund
733 2958 790 3020 der
827 2957 1159 3040 Perscneniinderuug
1197 2979 1258 3022 von
1292 2958 1401 3022 Seiten
1437 2956 1504 3028 des.

302 3064 423 3128 Terenz
453 3063 579 3126 soheint
607 3083 667 3125 uus
691 3062 784 3125 darin
807 3082 845 3127 zu
864 3061 979 3144 liegen,
1007 3063 1081 3126 dass
1105 3063 1162 3126 der
1183 3061 1344 3126 rdmische
1360 3059 1498 3124 Dichter

303 3188 399 3250 sogar
422 3167 484 3229 den
508 3165 610 3242 Sosia,
640 3164 709 3228 also
740 3164 799 3228 das
822 3157 1227 3250 aodcoaouuporuarado
1252 3165 1286 3228 iu
1309 3163 1498 3245 Beziehung

303 3293 359 3335 zur
383 3269 558 3350 Handlung
581 3275 689 3332 setzen
713 3267 819 3332 wollte
844 3268 999 3347 dadurch,
1028 3271 1101 3334 (lass
1123 3269 1245 3332 Terenz
1269 3268 1325 3331 ihn
1354 3267 1402 3330 als
1419 3265 1500 3330 nuf-

303 3396 417 3460 passer
445 3373 527 3437 tiber
557 3373 666 3436 Davus
697 3371 762 3435 und
793 3372 980 3456 Pamphilus
1010 3393 1071 3436 von
1102 3373 1188 3437 Simo
1228 3372 1385 3436 bestellen
1417 3370 1500 3433 litsst

304 3482 344 3560 (v.
368 3483 425 3541 141
442 3479 535 3561 sqq),
566 3477 617 3539 ein
649 3475 795 3558 nultrag,
823 3501 860 3541 zu
885 3476 956 3540 dem
989 3478 1059 3541 eine
1090 3476 1185 3556 Fran,
1220 3475 1396 3540 besonders
1426 3474 1499 3536 eine

304 3582 435 3658 Motter,
459 3579 542 3643 wohl
564 3579 655 3642 nicht
677 3600 712 3642 so
735 3579 834 3644 leioht
857 3581 1044 3644 brauchbar
1069 3579 1256 3644 erechienen
1279 3582 1394 3642 ware.“

392 3824 418 3889 1)
439 3820 484 3874 W.
504 3820 610 3873 Ihne:
631 3819 813 3887 Quaestiones
832 3822 1022 3888 Terentianae,
1041 3822 1155 3875 Bonnae
1175 3823 1249 3888 1843,
1268 3838 1294 3889 p.
1308 3821 1394 3887 11112.

391 3910 418 3976 2)
439 3907 469 3960 0.
488 3906 688 3961 Dziatzko:
707 3906 760 3960 Die
774 3909 882 3962 Andria
900 3909 949 3962 des
965 3907 1126 3973 Menander,
1145 3905 1245 3959 Rhein.
1264 3905 1336 3959 Mus.
1354 3909 1386 3959 31
1408 3903 1500 3972 (1876)

305 4014 332 4063 p.
345 3997 396 4047 249
415 3994 477 4048 adn.
499 3996 522 4047 1.

391 4081 417 4149 3)
437 4079 469 4134 G.
487 4078 619 4150 Regel:
650 4079 753 4138 Terena
780 4083 818 4134 im
842 4081 1001 4134 Vcrh'altnie
1030 4098 1064 4132 zu
1092 4080 1187 4133 seinen
1206 4079 1310 4149 griech.
1330 4077 1502 4147 Originalen‚

307 4166 404 4236 Progr.
423 4165 547 4220 Wctzlar
567 4169 641 4233 1884,
659 4185 685 4235 p.
701 4170 725 4220 3.
1361 4213 1367 4224 ,

392 4255 420 4318 4)
439 4251 494 4304 Ph.
513 4251 642 4304 Fabia:
667 4252 723 4306 Les
742 4255 890 4322 prologues
909 4253 943 4306 de
963 4252 1095 4320 Terence,
1115 4251 1193 4306 Paris
1212 4253 1287 4318 1888,
1305 4269 1332 4319 p.
1346 4252 1404 4305 181.

394 4342 420 4405 ὃ)
439 4337 469 4390 F.
488 4337 637 4406 Kampe:
663 4337 717 4392 Die
737 4339 895 4408 Lustepiele
924 4339 971 4391 doe
989 4338 1136 4392 Terentius
1162 4338 1219 4390 und
1238 4338 1296 4389 ihre
1315 4337 1420 4405 griech.
1441 4335 1503 4389 Ori·

239 4451 242 4454 ·
308 4425 407 4495 ginale,
427 4422 523 4493 Progr.
543 4423 726 4478 Halberstadt
748 4427 820 4492 1884,
840 4445 865 4493 p.
880 4429 902 4478 7.

393 4507 827 4580 o)F.Nen0111i1.c.p.30.
