<?xml version="1.0" encoding="UTF-8"?>
<!DOCTYPE html PUBLIC "-//W3C//DTD XHTML 1.0 Transitional//EN"
    "http://www.w3.org/TR/xhtml1/DTD/xhtml1-transitional.dtd">
<html xmlns="http://www.w3.org/1999/xhtml" xml:lang="en" lang="en">
 <head>
  <title>
</title>
<meta http-equiv="Content-Type" content="text/html;charset=utf-8" />
  <meta name='ocr-system' content='tesseract 3.04.00' />
  <meta name='ocr-capabilities' content='ocr_page ocr_carea ocr_par ocr_line ocrx_word'/>
</head>
<body>
  <div class='ocr_page' id='page_1' title='image "./decontamination00waltgoog_0013.png"; bbox 0 0 3390 5298; ppageno 0'>
   <div class='ocr_carea' id='block_1_1' title="bbox 793 551 987 614">
    <p class='ocr_par' dir='ltr' id='par_1_1' title="bbox 793 551 987 614">
     <span class='ocr_line' id='line_1_1' title="bbox 793 551 987 614; baseline -0.005 -18"><span class='ocrx_word' id='word_1_1' title='bbox 793 551 987 614; x_wconf 61' lang='lat' dir='ltr'><strong>...g—</strong></span> 
     </span>
    </p>
   </div>
   <div class='ocr_carea' id='block_1_2' title="bbox 294 713 1510 1947">
    <p class='ocr_par' dir='ltr' id='par_1_2' title="bbox 294 713 1510 1947">
     <span class='ocr_line' id='line_1_2' title="bbox 294 713 1509 808; baseline -0.001 -23"><span class='ocrx_word' id='word_1_2' title='bbox 294 723 411 804; x_wconf 86' lang='lat' dir='ltr'><strong>potsst.</strong></span> <span class='ocrx_word' id='word_1_3' title='bbox 448 719 563 803; x_wconf 87' lang='lat' dir='ltr'><strong>Itaque</strong></span> <span class='ocrx_word' id='word_1_4' title='bbox 580 720 760 786; x_wconf 88' lang='lat' dir='ltr'><strong>rectissime</strong></span> <span class='ocrx_word' id='word_1_5' title='bbox 783 721 991 804; x_wconf 84' lang='lat' dir='ltr'><strong>Schmidtius,</strong></span> <span class='ocrx_word' id='word_1_6' title='bbox 1012 724 1197 806; x_wconf 86' lang='lat' dir='ltr'><strong>Loreuzius,</strong></span> <span class='ocrx_word' id='word_1_7' title='bbox 1219 724 1408 808; x_wconf 81' lang='lat' dir='ltr'><strong>Longanos,</strong></span> <span class='ocrx_word' id='word_1_8' title='bbox 1435 713 1509 778; x_wconf 76' lang='lat' dir='ltr'><strong>Leo</strong></span> 
     </span>
     <span class='ocr_line' id='line_1_3' title="bbox 295 823 1509 914; baseline -0.002 -24"><span class='ocrx_word' id='word_1_9' title='bbox 295 829 403 892; x_wconf 84' lang='lat' dir='ltr'><strong>actum</strong></span> <span class='ocrx_word' id='word_1_10' title='bbox 428 823 604 890; x_wconf 88' lang='lat' dir='ltr'><strong>secundum</strong></span> <span class='ocrx_word' id='word_1_11' title='bbox 627 823 741 890; x_wconf 88' lang='lat' dir='ltr'><strong>Militis</strong></span> <span class='ocrx_word' id='word_1_12' title='bbox 764 825 897 908; x_wconf 78' lang='lat' dir='ltr'><strong>gloriosi</strong></span> <span class='ocrx_word' id='word_1_13' title='bbox 919 849 935 892; x_wconf 89' lang='lat' dir='ltr'><strong>e</strong></span> <span class='ocrx_word' id='word_1_14' title='bbox 959 827 1072 894; x_wconf 85' lang='lat' dir='ltr'><strong>fabula</strong></span> <span class='ocrx_word' id='word_1_15' title='bbox 1095 851 1253 914; x_wconf 86' lang='lat' dir='ltr'><strong>anonyma</strong></span> <span class='ocrx_word' id='word_1_16' title='bbox 1276 830 1340 913; x_wconf 82' lang='lat' dir='ltr'>(B),</span> <span class='ocrx_word' id='word_1_17' title='bbox 1365 825 1509 888; x_wconf 75' lang='lat' dir='ltr'><strong>ceteros</strong></span> 
     </span>
     <span class='ocr_line' id='line_1_4' title="bbox 294 923 1507 1015; baseline -0.004 -21"><span class='ocrx_word' id='word_1_18' title='bbox 294 933 388 994; x_wconf 87' lang='lat' dir='ltr'><strong>actus</strong></span> <span class='ocrx_word' id='word_1_19' title='bbox 417 949 457 992; x_wconf 85' lang='lat' dir='ltr'><strong>ex</strong></span> <span class='ocrx_word' id='word_1_20' title='bbox 482 927 621 994; x_wconf 82' lang='lat' dir='ltr'><strong>Alazona</strong></span> <span class='ocrx_word' id='word_1_21' title='bbox 644 929 698 1015; x_wconf 86' lang='grc' dir='ltr'><strong>(Α)</strong></span> <span class='ocrx_word' id='word_1_22' title='bbox 729 929 863 994; x_wconf 83' lang='lat' dir='ltr'><strong>fluxisse</strong></span> <span class='ocrx_word' id='word_1_23' title='bbox 887 933 1132 998; x_wconf 85' lang='lat' dir='ltr'><strong>contenderunt.</strong></span> <span class='ocrx_word' id='word_1_24' title='bbox 1179 935 1220 998; x_wconf 87' lang='lat' dir='ltr'><strong>Et</strong></span> <span class='ocrx_word' id='word_1_25' title='bbox 1242 935 1275 998; x_wconf 90' lang='lat' dir='ltr'><strong>in</strong></span> <span class='ocrx_word' id='word_1_26' title='bbox 1297 934 1323 997; x_wconf 91' lang='lat' dir='ltr'><strong>B</strong></span> <span class='ocrx_word' id='word_1_27' title='bbox 1347 937 1383 996; x_wconf 88' lang='lat' dir='ltr'><strong>et</strong></span> <span class='ocrx_word' id='word_1_28' title='bbox 1411 927 1450 990; x_wconf 90' lang='lat' dir='ltr'><strong>in</strong></span> <span class='ocrx_word' id='word_1_29' title='bbox 1479 923 1507 984; x_wconf 83' lang='lat' dir='ltr'>A</span> 
     </span>
     <span class='ocr_line' id='line_1_5' title="bbox 295 1025 1506 1115; baseline -0.007 -18"><span class='ocrx_word' id='word_1_30' title='bbox 295 1031 485 1098; x_wconf 77' lang='lat' dir='ltr'>adulescens</span> <span class='ocrx_word' id='word_1_31' title='bbox 502 1031 544 1097; x_wconf 89' lang='lat' dir='ltr'><strong>ab</strong></span> <span class='ocrx_word' id='word_1_32' title='bbox 561 1031 689 1115; x_wconf 79' lang='lat' dir='ltr'><strong>hospite</strong></span> <span class='ocrx_word' id='word_1_33' title='bbox 707 1033 849 1115; x_wconf 89' lang='lat' dir='ltr'><strong>quodem</strong></span> <span class='ocrx_word' id='word_1_34' title='bbox 866 1035 997 1100; x_wconf 87' lang='lat' dir='ltr'><strong>adiutus</strong></span> <span class='ocrx_word' id='word_1_35' title='bbox 1022 1037 1096 1101; x_wconf 93' lang='lat' dir='ltr'><strong>dolo</strong></span> <span class='ocrx_word' id='word_1_36' title='bbox 1120 1057 1139 1101; x_wconf 90' lang='lat' dir='ltr'><strong>a</strong></span> <span class='ocrx_word' id='word_1_37' title='bbox 1163 1057 1254 1103; x_wconf 87' lang='lat' dir='ltr'><strong>servo</strong></span> <span class='ocrx_word' id='word_1_38' title='bbox 1278 1025 1506 1101; x_wconf 83' lang='lat' dir='ltr'><strong>callidissimo</strong></span> 
     </span>
     <span class='ocr_line' id='line_1_6' title="bbox 296 1134 1510 1224; baseline -0.001 -24"><span class='ocrx_word' id='word_1_39' title='bbox 296 1136 480 1220; x_wconf 88' lang='lat' dir='ltr'><strong>excogitato</strong></span> <span class='ocrx_word' id='word_1_40' title='bbox 518 1137 656 1202; x_wconf 81' lang='lat' dir='ltr'>amicam</span> <span class='ocrx_word' id='word_1_41' title='bbox 694 1137 788 1202; x_wconf 91' lang='lat' dir='ltr'><strong>rivali</strong></span> <span class='ocrx_word' id='word_1_42' title='bbox 826 1139 955 1222; x_wconf 88' lang='lat' dir='ltr'><strong>eripuit.</strong></span> <span class='ocrx_word' id='word_1_43' title='bbox 1000 1142 1040 1216; x_wconf 73' lang='lat' dir='ltr'><strong>In¹</strong></span> <span class='ocrx_word' id='word_1_44' title='bbox 1072 1147 1211 1224; x_wconf 89' lang='lat' dir='ltr'><strong>utraque</strong></span> <span class='ocrx_word' id='word_1_45' title='bbox 1245 1139 1357 1205; x_wconf 89' lang='lat' dir='ltr'><strong>fabula</strong></span> <span class='ocrx_word' id='word_1_46' title='bbox 1395 1134 1510 1215; x_wconf 82' lang='lat' dir='ltr'><strong>igitur</strong></span> 
     </span>
     <span class='ocr_line' id='line_1_7' title="bbox 295 1235 1510 1326; baseline -0.007 -22"><span class='ocrx_word' id='word_1_47' title='bbox 295 1239 427 1304; x_wconf 90' lang='lat' dir='ltr'><strong>easdem</strong></span> <span class='ocrx_word' id='word_1_48' title='bbox 447 1261 605 1323; x_wconf 79' lang='lat' dir='ltr'><strong>personae</strong></span> <span class='ocrx_word' id='word_1_49' title='bbox 627 1241 659 1304; x_wconf 93' lang='lat' dir='ltr'><strong>in</strong></span> <span class='ocrx_word' id='word_1_50' title='bbox 684 1261 837 1305; x_wconf 77' lang='lat' dir='ltr'><strong>scaenam</strong></span> <span class='ocrx_word' id='word_1_51' title='bbox 860 1243 1068 1325; x_wconf 80' lang='lat' dir='ltr'><strong>prodierunt3</strong></span> <span class='ocrx_word' id='word_1_52' title='bbox 1092 1245 1147 1309; x_wconf 89' lang='lat' dir='ltr'><strong>sed</strong></span> <span class='ocrx_word' id='word_1_53' title='bbox 1171 1245 1265 1322; x_wconf 87' lang='lat' dir='ltr'><strong>ratio,</strong></span> <span class='ocrx_word' id='word_1_54' title='bbox 1288 1264 1353 1326; x_wconf 90' lang='lat' dir='ltr'><strong>qua</strong></span> <span class='ocrx_word' id='word_1_55' title='bbox 1378 1235 1510 1304; x_wconf 88' lang='lat' dir='ltr'><strong>mulier</strong></span> 
     </span>
     <span class='ocr_line' id='line_1_8' title="bbox 295 1341 1509 1425; baseline -0.006 -17"><span class='ocrx_word' id='word_1_56' title='bbox 295 1343 439 1408; x_wconf 84' lang='lat' dir='ltr'><strong>abducta</strong></span> <span class='ocrx_word' id='word_1_57' title='bbox 473 1349 535 1423; x_wconf 82' lang='lat' dir='ltr'><strong>est,</strong></span> <span class='ocrx_word' id='word_1_58' title='bbox 570 1345 603 1408; x_wconf 93' lang='lat' dir='ltr'><strong>in</strong></span> <span class='ocrx_word' id='word_1_59' title='bbox 638 1345 744 1408; x_wconf 87' lang='lat' dir='ltr'><strong>altera</strong></span> <span class='ocrx_word' id='word_1_60' title='bbox 778 1345 891 1410; x_wconf 86' lang='lat' dir='ltr'><strong>fabula</strong></span> <span class='ocrx_word' id='word_1_61' title='bbox 922 1346 1050 1425; x_wconf 85' lang='lat' dir='ltr'><strong>diversa</strong></span> <span class='ocrx_word' id='word_1_62' title='bbox 1084 1348 1153 1412; x_wconf 91' lang='lat' dir='ltr'><strong>fuit.</strong></span> <span class='ocrx_word' id='word_1_63' title='bbox 1199 1347 1333 1412; x_wconf 85' lang='lat' dir='ltr'><strong>Plautus</strong></span> <span class='ocrx_word' id='word_1_64' title='bbox 1364 1341 1509 1409; x_wconf 88' lang='lat' dir='ltr'><strong>initium</strong></span> 
     </span>
     <span class='ocr_line' id='line_1_9' title="bbox 295 1447 1509 1534; baseline -0.005 -22"><span class='ocrx_word' id='word_1_65' title='bbox 295 1447 427 1512; x_wconf 87' lang='lat' dir='ltr'><strong>fabulae</strong></span> <span class='ocrx_word' id='word_1_66' title='bbox 457 1448 734 1532; x_wconf 82' lang='lat' dir='ltr'><strong>BexemplariA</strong></span> <span class='ocrx_word' id='word_1_67' title='bbox 766 1450 911 1514; x_wconf 89' lang='lat' dir='ltr'><strong>inserens</strong></span> <span class='ocrx_word' id='word_1_68' title='bbox 942 1450 983 1514; x_wconf 91' lang='lat' dir='ltr'><strong>ad</strong></span> <span class='ocrx_word' id='word_1_69' title='bbox 1016 1453 1186 1516; x_wconf 87' lang='lat' dir='ltr'><strong>Alazonem</strong></span> <span class='ocrx_word' id='word_1_70' title='bbox 1216 1458 1452 1534; x_wconf 80' lang='lat' dir='ltr'><strong>argumentum</strong></span> <span class='ocrx_word' id='word_1_71' title='bbox 1487 1463 1509 1506; x_wconf 88' lang='lat' dir='ltr'><strong>a</strong></span> 
     </span>
     <span class='ocr_line' id='line_1_10' title="bbox 297 1549 1507 1620; baseline -0.006 -4"><span class='ocrx_word' id='word_1_72' title='bbox 297 1549 411 1616; x_wconf 84' lang='lat' dir='ltr'><strong>fabule</strong></span> <span class='ocrx_word' id='word_1_73' title='bbox 428 1554 453 1616; x_wconf 82' lang='lat' dir='ltr'><strong>A</strong></span> <span class='ocrx_word' id='word_1_74' title='bbox 470 1551 702 1618; x_wconf 86' lang='lat' dir='ltr'><strong>alienissimum</strong></span> <span class='ocrx_word' id='word_1_75' title='bbox 719 1553 847 1617; x_wconf 85' lang='lat' dir='ltr'><strong>addidit</strong></span> <span class='ocrx_word' id='word_1_76' title='bbox 863 1558 895 1618; x_wconf 86' lang='lat' dir='ltr'><strong>et</strong></span> <span class='ocrx_word' id='word_1_77' title='bbox 914 1553 975 1618; x_wconf 90' lang='lat' dir='ltr'><strong>hoo</strong></span> <span class='ocrx_word' id='word_1_78' title='bbox 998 1555 1094 1619; x_wconf 90' lang='lat' dir='ltr'><strong>modo</strong></span> <span class='ocrx_word' id='word_1_79' title='bbox 1118 1555 1339 1620; x_wconf 87' lang='lat' dir='ltr'><strong>contaminans</strong></span> <span class='ocrx_word' id='word_1_80' title='bbox 1355 1551 1507 1618; x_wconf 87' lang='lat' dir='ltr'><strong>Militem</strong></span> 
     </span>
     <span class='ocr_line' id='line_1_11' title="bbox 297 1653 1507 1741; baseline -0.005 -21"><span class='ocrx_word' id='word_1_81' title='bbox 297 1655 473 1739; x_wconf 88' lang='lat' dir='ltr'><strong>gloriosum</strong></span> <span class='ocrx_word' id='word_1_82' title='bbox 497 1657 620 1720; x_wconf 90' lang='lat' dir='ltr'><strong>maiore</strong></span> <span class='ocrx_word' id='word_1_83' title='bbox 644 1658 711 1723; x_wconf 86' lang='lat' dir='ltr'><strong>vita</strong></span> <span class='ocrx_word' id='word_1_84' title='bbox 733 1658 910 1739; x_wconf 86' lang='lat' dir='ltr'><strong>exornavit.</strong></span> <span class='ocrx_word' id='word_1_85' title='bbox 953 1657 1110 1741; x_wconf 79' lang='lat' dir='ltr'><strong>Prologus</strong></span> <span class='ocrx_word' id='word_1_86' title='bbox 1134 1660 1201 1723; x_wconf 85' lang='lat' dir='ltr'><strong>siue</strong></span> <span class='ocrx_word' id='word_1_87' title='bbox 1225 1657 1324 1722; x_wconf 90' lang='lat' dir='ltr'><strong>dubio</strong></span> <span class='ocrx_word' id='word_1_88' title='bbox 1348 1653 1507 1721; x_wconf 88' lang='lat' dir='ltr'><strong>eiusdem</strong></span> 
     </span>
     <span class='ocr_line' id='line_1_12' title="bbox 297 1755 1506 1846; baseline -0.005 -22"><span class='ocrx_word' id='word_1_89' title='bbox 297 1761 492 1843; x_wconf 82' lang='lat' dir='ltr'><strong>exemplaris</strong></span> <span class='ocrx_word' id='word_1_90' title='bbox 512 1766 561 1826; x_wconf 87' lang='lat' dir='ltr'><strong>est</strong></span> <span class='ocrx_word' id='word_1_91' title='bbox 584 1767 683 1844; x_wconf 89' lang='lat' dir='ltr'><strong>etque</strong></span> <span class='ocrx_word' id='word_1_92' title='bbox 707 1767 800 1825; x_wconf 81' lang='lat' dir='ltr'><strong>actus</strong></span> <span class='ocrx_word' id='word_1_93' title='bbox 823 1761 994 1840; x_wconf 78' lang='lat' dir='ltr'><strong>secundus,</strong></span> <span class='ocrx_word' id='word_1_94' title='bbox 1018 1782 1113 1845; x_wconf 90' lang='lat' dir='ltr'><strong>quem</strong></span> <span class='ocrx_word' id='word_1_95' title='bbox 1136 1767 1322 1846; x_wconf 81' lang='lat' dir='ltr'><strong>praeparet,</strong></span> <span class='ocrx_word' id='word_1_96' title='bbox 1346 1755 1506 1840; x_wconf 87' lang='lat' dir='ltr'><strong>exceptis</strong></span> 
     </span>
     <span class='ocr_line' id='line_1_13' title="bbox 297 1863 1363 1947; baseline 0 -19"><span class='ocrx_word' id='word_1_97' title='bbox 297 1863 444 1928; x_wconf 82' lang='lat' dir='ltr'><strong>versibus</strong></span> <span class='ocrx_word' id='word_1_98' title='bbox 469 1869 605 1942; x_wconf 75' lang='lat'><strong>79--99‚</strong></span> <span class='ocrx_word' id='word_1_99' title='bbox 630 1885 711 1947; x_wconf 87' lang='lat' dir='ltr'><strong>quos</strong></span> <span class='ocrx_word' id='word_1_100' title='bbox 735 1863 870 1930; x_wconf 87' lang='lat' dir='ltr'><strong>Plautus</strong></span> <span class='ocrx_word' id='word_1_101' title='bbox 894 1865 934 1929; x_wconf 90' lang='lat' dir='ltr'><strong>de</strong></span> <span class='ocrx_word' id='word_1_102' title='bbox 957 1886 1016 1930; x_wconf 90' lang='lat' dir='ltr'><strong>suo</strong></span> <span class='ocrx_word' id='word_1_103' title='bbox 1039 1866 1167 1930; x_wconf 83' lang='lat' dir='ltr'><strong>videtur</strong></span> <span class='ocrx_word' id='word_1_104' title='bbox 1190 1865 1363 1930; x_wconf 88' lang='lat' dir='ltr'><strong>addidisse.</strong></span> 
     </span>
    </p>
   </div>
   <div class='ocr_carea' id='block_1_3' title="bbox 385 1983 1506 2070">
    <p class='ocr_par' dir='ltr' id='par_1_3' title="bbox 385 1983 1506 2070">
     <span class='ocr_line' id='line_1_14' title="bbox 385 1983 1506 2070; baseline -0.004 -22"><span class='ocrx_word' id='word_1_105' title='bbox 385 1983 444 2048; x_wconf 85' lang='lat' dir='ltr'><strong>Cui</strong></span> <span class='ocrx_word' id='word_1_106' title='bbox 460 1985 641 2049; x_wconf 87' lang='lat' dir='ltr'><strong>sententiae</strong></span> <span class='ocrx_word' id='word_1_107' title='bbox 658 1985 699 2048; x_wconf 90' lang='lat' dir='ltr'><strong>ab</strong></span> <span class='ocrx_word' id='word_1_108' title='bbox 716 1985 867 2050; x_wconf 88' lang='lat' dir='ltr'><strong>omnibus</strong></span> <span class='ocrx_word' id='word_1_109' title='bbox 888 1985 1058 2051; x_wconf 87' lang='lat' dir='ltr'><strong>fere-viris</strong></span> <span class='ocrx_word' id='word_1_110' title='bbox 1081 1987 1185 2051; x_wconf 91' lang='lat' dir='ltr'><strong>doctis</strong></span> <span class='ocrx_word' id='word_1_111' title='bbox 1208 1986 1366 2070; x_wconf 87' lang='lat' dir='ltr'><strong>probatae</strong></span> <span class='ocrx_word' id='word_1_112' title='bbox 1391 1999 1506 2064; x_wconf 86' lang='lat' dir='ltr'><strong>nuper</strong></span> 
     </span>
    </p>
   </div>
   <div class='ocr_carea' id='block_1_4' title="bbox 297 2084 1523 2173">
    <p class='ocr_par' dir='ltr' id='par_1_4' title="bbox 297 2084 1523 2173">
     <span class='ocr_line' id='line_1_15' title="bbox 297 2084 1523 2173; baseline -0.006 -20"><span class='ocrx_word' id='word_1_113' title='bbox 297 2087 355 2154; x_wconf 86' lang='lat' dir='ltr'><strong>Th.</strong></span> <span class='ocrx_word' id='word_1_114' title='bbox 367 2087 522 2153; x_wconf 81' lang='lat' dir='ltr'><strong>Kalrridis</strong></span> <span class='ocrx_word' id='word_1_115' title='bbox 534 2091 558 2173; x_wconf 89' lang='lat'><strong>¹)</strong></span> <span class='ocrx_word' id='word_1_116' title='bbox 573 2094 736 2172; x_wconf 84' lang='lat' dir='ltr'><strong>repugnat</strong></span> <span class='ocrx_word' id='word_1_117' title='bbox 750 2084 885 2153; x_wconf 89' lang='lat' dir='ltr'><strong>Militem</strong></span> <span class='ocrx_word' id='word_1_118' title='bbox 903 2089 1077 2172; x_wconf 88' lang='lat' dir='ltr'><strong>gloriosum</strong></span> <span class='ocrx_word' id='word_1_119' title='bbox 1096 2092 1225 2155; x_wconf 91' lang='lat' dir='ltr'><strong>omnino</strong></span> <span class='ocrx_word' id='word_1_120' title='bbox 1242 2089 1506 2154; x_wconf 87' lang='lat' dir='ltr'><strong>contaminatam</strong></span> <span class='ocrx_word' id='word_1_121' title='bbox 1519 2168 1523 2173; x_wconf 25' lang='grc'><strong>,</strong></span> 
     </span>
    </p>
   </div>
   <div class='ocr_carea' id='block_1_5' title="bbox 270 2193 1507 2587">
    <p class='ocr_par' dir='ltr' id='par_1_5' title="bbox 270 2193 1507 2587">
     <span class='ocr_line' id='line_1_16' title="bbox 270 2193 1502 2272; baseline -0.006 -14"><span class='ocrx_word' id='word_1_122' title='bbox 270 2261 274 2272; x_wconf 70' lang='grc'><strong>,</strong></span> <span class='ocrx_word' id='word_1_123' title='bbox 297 2205 362 2258; x_wconf 89' lang='lat' dir='ltr'><strong>non</strong></span> <span class='ocrx_word' id='word_1_124' title='bbox 377 2211 449 2257; x_wconf 86' lang='lat' dir='ltr'><strong>esse</strong></span> <span class='ocrx_word' id='word_1_125' title='bbox 465 2193 663 2257; x_wconf 78' lang='lat' dir='ltr'><strong>existimans.</strong></span> <span class='ocrx_word' id='word_1_126' title='bbox 712 2196 828 2257; x_wconf 84' lang='lat' dir='ltr'><strong>Actum</strong></span> <span class='ocrx_word' id='word_1_127' title='bbox 845 2193 1021 2258; x_wconf 89' lang='lat' dir='ltr'><strong>secundum</strong></span> <span class='ocrx_word' id='word_1_128' title='bbox 1039 2195 1123 2259; x_wconf 90' lang='lat' dir='ltr'><strong>enim</strong></span> <span class='ocrx_word' id='word_1_129' title='bbox 1141 2195 1302 2259; x_wconf 89' lang='lat' dir='ltr'><strong>artissime</strong></span> <span class='ocrx_word' id='word_1_130' title='bbox 1318 2213 1392 2258; x_wconf 94' lang='lat' dir='ltr'><strong>cum</strong></span> <span class='ocrx_word' id='word_1_131' title='bbox 1419 2193 1502 2253; x_wconf 89' lang='lat' dir='ltr'><strong>actu</strong></span> 
     </span>
     <span class='ocr_line' id='line_1_17' title="bbox 299 2296 1505 2380; baseline -0.007 -19"><span class='ocrx_word' id='word_1_132' title='bbox 299 2302 417 2379; x_wconf 87' lang='lat' dir='ltr'><strong>quarto</strong></span> <span class='ocrx_word' id='word_1_133' title='bbox 456 2296 664 2360; x_wconf 88' lang='lat' dir='ltr'><strong>coniunctum</strong></span> <span class='ocrx_word' id='word_1_134' title='bbox 702 2318 742 2361; x_wconf 87' lang='lat' dir='ltr'><strong>ex</strong></span> <span class='ocrx_word' id='word_1_135' title='bbox 778 2297 892 2361; x_wconf 91' lang='lat' dir='ltr'><strong>eodem</strong></span> <span class='ocrx_word' id='word_1_136' title='bbox 926 2297 1104 2380; x_wconf 84' lang='lat' dir='ltr'><strong>exemplari</strong></span> <span class='ocrx_word' id='word_1_137' title='bbox 1136 2303 1233 2380; x_wconf 90' lang='lat' dir='ltr'><strong>atque</strong></span> <span class='ocrx_word' id='word_1_138' title='bbox 1265 2302 1374 2361; x_wconf 91' lang='lat' dir='ltr'><strong>actum</strong></span> <span class='ocrx_word' id='word_1_139' title='bbox 1400 2311 1505 2375; x_wconf 88' lang='lat' dir='ltr'><strong>quar·</strong></span> 
     </span>
     <span class='ocr_line' id='line_1_18' title="bbox 299 2399 1503 2483; baseline -0.005 -19"><span class='ocrx_word' id='word_1_140' title='bbox 299 2407 368 2464; x_wconf 86' lang='lat' dir='ltr'><strong>tum</strong></span> <span class='ocrx_word' id='word_1_141' title='bbox 391 2402 409 2464; x_wconf 93' lang='lat' dir='ltr'><strong>i.</strong></span> <span class='ocrx_word' id='word_1_142' title='bbox 425 2421 450 2464; x_wconf 89' lang='lat' dir='ltr'><strong>e.</strong></span> <span class='ocrx_word' id='word_1_143' title='bbox 468 2420 508 2464; x_wconf 82' lang='lat' dir='ltr'><strong>ex</strong></span> <span class='ocrx_word' id='word_1_144' title='bbox 526 2399 666 2464; x_wconf 82' lang='lat' dir='ltr'><strong>Masone</strong></span> <span class='ocrx_word' id='word_1_145' title='bbox 682 2400 828 2479; x_wconf 82' lang='lat' dir='ltr'><strong>fluxisse,</strong></span> <span class='ocrx_word' id='word_1_146' title='bbox 845 2401 985 2483; x_wconf 93' lang='lat' dir='ltr'><strong>primum</strong></span> <span class='ocrx_word' id='word_1_147' title='bbox 1002 2401 1088 2483; x_wconf 89' lang='lat' dir='ltr'><strong>quod</strong></span> <span class='ocrx_word' id='word_1_148' title='bbox 1105 2401 1251 2465; x_wconf 85' lang='lat' dir='ltr'><strong>versibus</strong></span> <span class='ocrx_word' id='word_1_149' title='bbox 1272 2400 1503 2471; x_wconf 78' lang='grc'>1088-1089,</span> 
     </span>
     <span class='ocr_line' id='line_1_19' title="bbox 302 2502 1507 2587; baseline -0.007 -20"><span class='ocrx_word' id='word_1_150' title='bbox 302 2509 515 2569; x_wconf 68' lang='lat' dir='ltr'><strong>llos-1155</strong></span> <span class='ocrx_word' id='word_1_151' title='bbox 539 2504 812 2568; x_wconf 88' lang='lat' dir='ltr'><strong>Philocomasium</strong></span> <span class='ocrx_word' id='word_1_152' title='bbox 829 2504 1100 2587; x_wconf 82' lang='lat' dir='ltr'><strong>Periplectomeni</strong></span> <span class='ocrx_word' id='word_1_153' title='bbox 1124 2505 1210 2568; x_wconf 92' lang='lat' dir='ltr'><strong>domi</strong></span> <span class='ocrx_word' id='word_1_154' title='bbox 1233 2525 1302 2568; x_wconf 88' lang='lat' dir='ltr'><strong>esse</strong></span> <span class='ocrx_word' id='word_1_155' title='bbox 1324 2502 1507 2566; x_wconf 83' lang='lat' dir='ltr'><strong>diceretur.</strong></span> 
     </span>
    </p>
   </div>
   <div class='ocr_carea' id='block_1_6' title="bbox 186 2595 1507 2673">
    <p class='ocr_par' dir='ltr' id='par_1_6' title="bbox 186 2595 1507 2673">
     <span class='ocr_line' id='line_1_20' title="bbox 186 2595 1507 2673; baseline -0.007 0"><span class='ocrx_word' id='word_1_156' title='bbox 186 2595 191 2602; x_wconf 44' lang='lat'>¹</span> <span class='ocrx_word' id='word_1_157' title='bbox 299 2608 441 2672; x_wconf 85' lang='lat' dir='ltr'><strong>Revera</strong></span> <span class='ocrx_word' id='word_1_158' title='bbox 465 2607 612 2672; x_wconf 86' lang='lat' dir='ltr'><strong>versibus</strong></span> <span class='ocrx_word' id='word_1_159' title='bbox 636 2613 849 2673; x_wconf 82' lang='lat' dir='ltr'><strong>loeo-1093</strong></span> <span class='ocrx_word' id='word_1_160' title='bbox 874 2629 1012 2672; x_wconf 87' lang='lat' dir='ltr'><strong>scaenae</strong></span> <span class='ocrx_word' id='word_1_161' title='bbox 1037 2609 1079 2672; x_wconf 90' lang='lat' dir='ltr'><strong>IV</strong></span> <span class='ocrx_word' id='word_1_162' title='bbox 1105 2614 1122 2672; x_wconf 86' lang='lat'><strong>2</strong></span> <span class='ocrx_word' id='word_1_163' title='bbox 1148 2607 1293 2671; x_wconf 88' lang='lat' dir='ltr'><strong>exeuntis</strong></span> <span class='ocrx_word' id='word_1_164' title='bbox 1316 2601 1507 2669; x_wconf 88' lang='lat' dir='ltr'><strong>Palaestrio</strong></span> 
     </span>
    </p>
   </div>
   <div class='ocr_carea' id='block_1_7' title="bbox 275 2708 1507 3310">
    <p class='ocr_par' dir='ltr' id='par_1_7' title="bbox 275 2708 1507 3310">
     <span class='ocr_line' id='line_1_21' title="bbox 299 2708 1507 2795; baseline -0.007 -20"><span class='ocrx_word' id='word_1_165' title='bbox 299 2711 550 2795; x_wconf 88' lang='lat' dir='ltr'><strong>Milphidippam</strong></span> <span class='ocrx_word' id='word_1_166' title='bbox 586 2711 823 2780; x_wconf 86' lang='lat' dir='ltr'><strong>Philocomasio</strong></span> <span class='ocrx_word' id='word_1_167' title='bbox 854 2712 1016 2793; x_wconf 88' lang='lat' dir='ltr'><strong>imperare</strong></span> <span class='ocrx_word' id='word_1_168' title='bbox 1045 2711 1150 2789; x_wconf 85' lang='lat' dir='ltr'><strong>iubet,</strong></span> <span class='ocrx_word' id='word_1_169' title='bbox 1185 2717 1223 2774; x_wconf 89' lang='lat' dir='ltr'><strong>ut</strong></span> <span class='ocrx_word' id='word_1_170' title='bbox 1251 2731 1310 2793; x_wconf 92' lang='lat' dir='ltr'><strong>per</strong></span> <span class='ocrx_word' id='word_1_171' title='bbox 1339 2708 1507 2792; x_wconf 87' lang='lat' dir='ltr'><strong>parietem</strong></span> 
     </span>
     <span class='ocr_line' id='line_1_22' title="bbox 300 2799 1507 2897; baseline -0.006 -19"><span class='ocrx_word' id='word_1_172' title='bbox 300 2813 483 2897; x_wconf 85' lang='lat' dir='ltr'><strong>perfossum</strong></span> <span class='ocrx_word' id='word_1_173' title='bbox 501 2813 613 2880; x_wconf 89' lang='lat' dir='ltr'><strong>militis</strong></span> <span class='ocrx_word' id='word_1_174' title='bbox 631 2799 761 2877; x_wconf 91' lang='lat' dir='ltr'><strong>domum</strong></span> <span class='ocrx_word' id='word_1_175' title='bbox 783 2818 939 2877; x_wconf 86' lang='lat' dir='ltr'><strong>transeat.</strong></span> <span class='ocrx_word' id='word_1_176' title='bbox 986 2813 1049 2877; x_wconf 86' lang='lat' dir='ltr'><strong>Sed</strong></span> <span class='ocrx_word' id='word_1_177' title='bbox 1072 2813 1237 2878; x_wconf 90' lang='lat' dir='ltr'><strong>mulierem</strong></span> <span class='ocrx_word' id='word_1_178' title='bbox 1259 2833 1318 2895; x_wconf 90' lang='lat' dir='ltr'><strong>per</strong></span> <span class='ocrx_word' id='word_1_179' title='bbox 1339 2810 1507 2895; x_wconf 88' lang='lat' dir='ltr'><strong>parietem</strong></span> 
     </span>
     <span class='ocr_line' id='line_1_23' title="bbox 275 2913 1507 3000; baseline -0.006 -19"><span class='ocrx_word' id='word_1_180' title='bbox 275 2952 278 2955; x_wconf 96' lang='lat'>·</span> <span class='ocrx_word' id='word_1_181' title='bbox 303 2916 486 3000; x_wconf 84' lang='lat' dir='ltr'><strong>perfossum</strong></span> <span class='ocrx_word' id='word_1_182' title='bbox 518 2917 550 2979; x_wconf 92' lang='lat' dir='ltr'><strong>in</strong></span> <span class='ocrx_word' id='word_1_183' title='bbox 574 2915 847 2998; x_wconf 86' lang='lat' dir='ltr'><strong>Periplectomeni</strong></span> <span class='ocrx_word' id='word_1_184' title='bbox 873 2915 1002 2980; x_wconf 90' lang='lat' dir='ltr'><strong>domum</strong></span> <span class='ocrx_word' id='word_1_185' title='bbox 1027 2916 1089 2980; x_wconf 95' lang='lat' dir='ltr'><strong>hoc</strong></span> <span class='ocrx_word' id='word_1_186' title='bbox 1110 2921 1185 2980; x_wconf 89' lang='lat' dir='ltr'><strong>actu</strong></span> <span class='ocrx_word' id='word_1_187' title='bbox 1207 2915 1347 2979; x_wconf 88' lang='lat' dir='ltr'><strong>transire</strong></span> <span class='ocrx_word' id='word_1_188' title='bbox 1371 2913 1507 2978; x_wconf 90' lang='lat' dir='ltr'><strong>omnino</strong></span> 
     </span>
     <span class='ocr_line' id='line_1_24' title="bbox 302 3017 1507 3104; baseline -0.007 -19"><span class='ocrx_word' id='word_1_189' title='bbox 302 3041 384 3104; x_wconf 91' lang='lat' dir='ltr'><strong>opus</strong></span> <span class='ocrx_word' id='word_1_190' title='bbox 414 3041 477 3083; x_wconf 89' lang='lat' dir='ltr'><strong>non</strong></span> <span class='ocrx_word' id='word_1_191' title='bbox 510 3025 568 3084; x_wconf 89' lang='lat' dir='ltr'><strong>est.</strong></span> <span class='ocrx_word' id='word_1_192' title='bbox 615 3019 792 3083; x_wconf 87' lang='lat' dir='ltr'><strong>Praeterea</strong></span> <span class='ocrx_word' id='word_1_193' title='bbox 822 3019 961 3082; x_wconf 88' lang='lat' dir='ltr'><strong>amicam</strong></span> <span class='ocrx_word' id='word_1_194' title='bbox 987 3019 1020 3082; x_wconf 89' lang='lat' dir='ltr'><strong>in</strong></span> <span class='ocrx_word' id='word_1_195' title='bbox 1046 3019 1130 3084; x_wconf 89' lang='lat' dir='ltr'><strong>senis</strong></span> <span class='ocrx_word' id='word_1_196' title='bbox 1154 3019 1248 3082; x_wconf 92' lang='lat' dir='ltr'><strong>domo</strong></span> <span class='ocrx_word' id='word_1_197' title='bbox 1269 3017 1393 3082; x_wconf 83' lang='lat' dir='ltr'><strong>versari</strong></span> <span class='ocrx_word' id='word_1_198' title='bbox 1418 3035 1507 3078; x_wconf 90' lang='lat' dir='ltr'><strong>nunc</strong></span> 
     </span>
     <span class='ocr_line' id='line_1_25' title="bbox 303 3118 1505 3206; baseline -0.007 -18"><span class='ocrx_word' id='word_1_199' title='bbox 303 3125 431 3189; x_wconf 89' lang='lat' dir='ltr'><strong>demum</strong></span> <span class='ocrx_word' id='word_1_200' title='bbox 463 3124 689 3206; x_wconf 88' lang='lat' dir='ltr'><strong>comperimus.</strong></span> <span class='ocrx_word' id='word_1_201' title='bbox 736 3123 852 3204; x_wconf 88' lang='lat' dir='ltr'><strong>ltaque</strong></span> <span class='ocrx_word' id='word_1_202' title='bbox 884 3129 971 3186; x_wconf 88' lang='lat' dir='ltr'><strong>recte</strong></span> <span class='ocrx_word' id='word_1_203' title='bbox 1001 3123 1066 3186; x_wconf 90' lang='lat' dir='ltr'><strong>iam</strong></span> <span class='ocrx_word' id='word_1_204' title='bbox 1091 3122 1156 3185; x_wconf 93' lang='lat' dir='ltr'><strong>Leo</strong></span> <span class='ocrx_word' id='word_1_205' title='bbox 1180 3122 1212 3205; x_wconf 90' lang='lat' dir='ltr'><strong>(l.</strong></span> <span class='ocrx_word' id='word_1_206' title='bbox 1230 3121 1404 3203; x_wconf 70' lang='lat' dir='ltr'><strong>c.p..163)</strong></span> <span class='ocrx_word' id='word_1_207' title='bbox 1429 3118 1505 3182; x_wconf 93' lang='lat' dir='ltr'><strong>illos</strong></span> 
     </span>
     <span class='ocr_line' id='line_1_26' title="bbox 304 3223 1505 3310; baseline -0.007 -18"><span class='ocrx_word' id='word_1_208' title='bbox 304 3243 417 3292; x_wconf 78' lang='lat' dir='ltr'><strong>tersus</strong></span> <span class='ocrx_word' id='word_1_209' title='bbox 449 3243 709 3310; x_wconf 82' lang='lat' dir='ltr'><strong>supervacaneos</strong></span> <span class='ocrx_word' id='word_1_210' title='bbox 742 3246 761 3288; x_wconf 91' lang='lat' dir='ltr'><strong>a</strong></span> <span class='ocrx_word' id='word_1_211' title='bbox 785 3226 901 3290; x_wconf 88' lang='lat' dir='ltr'><strong>Plauto</strong></span> <span class='ocrx_word' id='word_1_212' title='bbox 926 3227 1019 3309; x_wconf 89' lang='lat' dir='ltr'><strong>quasi</strong></span> <span class='ocrx_word' id='word_1_213' title='bbox 1043 3225 1084 3289; x_wconf 87' lang='lat' dir='ltr'><strong>ad</strong></span> <span class='ocrx_word' id='word_1_214' title='bbox 1108 3244 1279 3308; x_wconf 85' lang='lat' dir='ltr'><strong>compages</strong></span> <span class='ocrx_word' id='word_1_215' title='bbox 1303 3223 1505 3288; x_wconf 85' lang='lat' dir='ltr'><strong>contamina·</strong></span> 
     </span>
    </p>
   </div>
   <div class='ocr_carea' id='block_1_8' title="bbox 303 3325 1586 3411">
    <p class='ocr_par' dir='ltr' id='par_1_8' title="bbox 303 3325 1586 3411">
     <span class='ocr_line' id='line_1_27' title="bbox 303 3325 1586 3411; baseline -0.007 -16"><span class='ocrx_word' id='word_1_216' title='bbox 303 3333 390 3395; x_wconf 87' lang='lat' dir='ltr'><strong>tione</strong></span> <span class='ocrx_word' id='word_1_217' title='bbox 408 3337 496 3395; x_wconf 90' lang='lat' dir='ltr'><strong>ortas</strong></span> <span class='ocrx_word' id='word_1_218' title='bbox 514 3329 718 3411; x_wconf 89' lang='lat' dir='ltr'><strong>obtegendae</strong></span> <span class='ocrx_word' id='word_1_219' title='bbox 734 3329 774 3393; x_wconf 89' lang='lat' dir='ltr'><strong>de</strong></span> <span class='ocrx_word' id='word_1_220' title='bbox 791 3351 849 3393; x_wconf 91' lang='lat' dir='ltr'><strong>suo</strong></span> <span class='ocrx_word' id='word_1_221' title='bbox 866 3329 996 3394; x_wconf 88' lang='lat' dir='ltr'><strong>additos</strong></span> <span class='ocrx_word' id='word_1_222' title='bbox 1014 3349 1084 3394; x_wconf 90' lang='lat' dir='ltr'><strong>esse</strong></span> <span class='ocrx_word' id='word_1_223' title='bbox 1100 3329 1284 3411; x_wconf 83' lang='lat' dir='ltr'><strong>suspicatus</strong></span> <span class='ocrx_word' id='word_1_224' title='bbox 1300 3332 1357 3391; x_wconf 86' lang='lat' dir='ltr'><strong>est.</strong></span> <span class='ocrx_word' id='word_1_225' title='bbox 1397 3325 1503 3390; x_wconf 89' lang='lat' dir='ltr'><strong>Valde</strong></span> <span class='ocrx_word' id='word_1_226' title='bbox 1583 3327 1586 3334; x_wconf 80' lang='grc'><strong>“</strong></span> 
     </span>
    </p>
   </div>
   <div class='ocr_carea' id='block_1_9' title="bbox 305 3428 1504 3618">
    <p class='ocr_par' dir='ltr' id='par_1_9' title="bbox 305 3428 1504 3618">
     <span class='ocr_line' id='line_1_28' title="bbox 305 3428 1504 3514; baseline -0.009 -13"><span class='ocrx_word' id='word_1_227' title='bbox 305 3441 414 3501; x_wconf 90' lang='lat' dir='ltr'><strong>autem</strong></span> <span class='ocrx_word' id='word_1_228' title='bbox 446 3432 601 3497; x_wconf 81' lang='lat' dir='ltr'><strong>Makridis</strong></span> <span class='ocrx_word' id='word_1_229' title='bbox 632 3438 723 3496; x_wconf 90' lang='lat' dir='ltr'><strong>errat</strong></span> <span class='ocrx_word' id='word_1_230' title='bbox 754 3432 944 3496; x_wconf 83' lang='lat' dir='ltr'><strong>exist-imaus</strong></span> <span class='ocrx_word' id='word_1_231' title='bbox 974 3432 1149 3496; x_wconf 89' lang='lat' dir='ltr'><strong>secundum</strong></span> <span class='ocrx_word' id='word_1_232' title='bbox 1181 3452 1292 3496; x_wconf 87' lang='lat' dir='ltr'><strong>versus</strong></span> <span class='ocrx_word' id='word_1_233' title='bbox 1323 3428 1504 3514; x_wconf 72' lang='lat' dir='ltr'><strong>1154l1155</strong></span> 
     </span>
     <span class='ocr_line' id='line_1_29' title="bbox 305 3535 1208 3618; baseline -0.007 -15"><span class='ocrx_word' id='word_1_234' title='bbox 305 3537 579 3603; x_wconf 82' lang='lat' dir='ltr'><strong>Philocomasium</strong></span> <span class='ocrx_word' id='word_1_235' title='bbox 602 3537 634 3599; x_wconf 91' lang='lat' dir='ltr'><strong>in</strong></span> <span class='ocrx_word' id='word_1_236' title='bbox 659 3535 931 3618; x_wconf 86' lang='lat' dir='ltr'><strong>Periplectomeni</strong></span> <span class='ocrx_word' id='word_1_237' title='bbox 950 3535 1045 3599; x_wconf 90' lang='lat' dir='ltr'><strong>domo</strong></span> <span class='ocrx_word' id='word_1_238' title='bbox 1072 3536 1208 3599; x_wconf 86' lang='lat' dir='ltr'><strong>versari:</strong></span> 
     </span>
    </p>
   </div>
   <div class='ocr_carea' id='block_1_10' title="bbox 392 3661 1438 3844">
    <p class='ocr_par' dir='ltr' id='par_1_10' title="bbox 392 3661 1438 3844">
     <span class='ocr_line' id='line_1_30' title="bbox 392 3661 1151 3722; baseline -0.001 -2"><span class='ocrx_word' id='word_1_239' title='bbox 392 3663 479 3722; x_wconf 81' lang='lat' dir='ltr'><strong>Domi</strong></span> <span class='ocrx_word' id='word_1_240' title='bbox 502 3674 569 3721; x_wconf 84' lang='lat' dir='ltr'><strong>esre</strong></span> <span class='ocrx_word' id='word_1_241' title='bbox 592 3663 635 3720; x_wconf 85' lang='lat' dir='ltr'><strong>nd</strong></span> <span class='ocrx_word' id='word_1_242' title='bbox 657 3677 722 3720; x_wconf 85' lang='lat' dir='ltr'><strong>enm</strong></span> <span class='ocrx_word' id='word_1_243' title='bbox 741 3678 806 3719; x_wconf 83' lang='lat' dir='ltr'><strong>rem</strong></span> <span class='ocrx_word' id='word_1_244' title='bbox 829 3662 921 3720; x_wconf 80' lang='lat' dir='ltr'><strong>uideo</strong></span> <span class='ocrx_word' id='word_1_245' title='bbox 943 3662 1036 3720; x_wconf 81' lang='lat' dir='ltr'><strong>siloni</strong></span> <span class='ocrx_word' id='word_1_246' title='bbox 1057 3661 1151 3719; x_wconf 82' lang='lat' dir='ltr'><strong>sutis:</strong></span> 
     </span>
     <span class='ocr_line' id='line_1_31' title="bbox 394 3755 1438 3844; baseline -0.008 -18"><span class='ocrx_word' id='word_1_247' title='bbox 394 3765 551 3827; x_wconf 79' lang='lat' dir='ltr'><strong>Mulieres</strong></span> <span class='ocrx_word' id='word_1_248' title='bbox 575 3771 658 3822; x_wconf 77' lang='lat' dir='ltr'><strong>tres:</strong></span> <span class='ocrx_word' id='word_1_249' title='bbox 685 3769 815 3838; x_wconf 78' lang='lat' dir='ltr'><strong>qsccrtos</strong></span> <span class='ocrx_word' id='word_1_250' title='bbox 841 3755 945 3834; x_wconf 80' lang='lat' dir='ltr'><strong>tatc&#39;s,</strong></span> <span class='ocrx_word' id='word_1_251' title='bbox 970 3764 1092 3837; x_wconf 79' lang='lat' dir='ltr'><strong>quintae</strong></span> <span class='ocrx_word' id='word_1_252' title='bbox 1116 3779 1180 3836; x_wconf 76' lang='lat' dir='ltr'><strong>epe,</strong></span> <span class='ocrx_word' id='word_1_253' title='bbox 1203 3767 1309 3821; x_wconf 76' lang='lat' dir='ltr'><strong>senten·</strong></span> <span class='ocrx_word' id='word_1_254' title='bbox 1331 3775 1438 3844; x_wconf 72' lang='lat' dir='ltr'><strong>serres,</strong></span> 
     </span>
    </p>
   </div>
   <div class='ocr_carea' id='block_1_11' title="bbox 310 3877 1049 3976">
    <p class='ocr_par' dir='ltr' id='par_1_11' title="bbox 310 3877 1049 3976">
     <span class='ocr_line' id='line_1_32' title="bbox 310 3877 1049 3976; baseline -0.009 -29"><span class='ocrx_word' id='word_1_255' title='bbox 310 3882 406 3966; x_wconf 86' lang='lat' dir='ltr'><strong>quod,</strong></span> <span class='ocrx_word' id='word_1_256' title='bbox 432 3881 508 3944; x_wconf 93' lang='lat' dir='ltr'><strong>dum</strong></span> <span class='ocrx_word' id='word_1_257' title='bbox 532 3877 708 3944; x_wconf 88' lang='lat' dir='ltr'><strong>Pleusicles</strong></span> <span class='ocrx_word' id='word_1_258' title='bbox 731 3879 814 3942; x_wconf 86' lang='lat' dir='ltr'><strong>haee</strong></span> <span class='ocrx_word' id='word_1_259' title='bbox 835 3878 945 3976; x_wconf 28' lang='lat' dir='ltr'><strong>rerba*</strong></span> <span class='ocrx_word' id='word_1_260' title='bbox 960 3879 1049 3956; x_wconf 85' lang='lat' dir='ltr'><strong>facit,</strong></span> 
     </span>
    </p>
   </div>
   <div class='ocr_carea' id='block_1_12' title="bbox 397 4003 1458 4184">
    <p class='ocr_par' dir='ltr' id='par_1_12' title="bbox 397 4003 1458 4184">
     <span class='ocr_line' id='line_1_33' title="bbox 400 4003 1255 4080; baseline -0.004 -17"><span class='ocrx_word' id='word_1_261' title='bbox 400 4007 473 4080; x_wconf 83' lang='lat' dir='ltr'><strong>Ipse</strong></span> <span class='ocrx_word' id='word_1_262' title='bbox 496 4006 581 4064; x_wconf 68' lang='lat' dir='ltr'><strong>enites</strong></span> <span class='ocrx_word' id='word_1_263' title='bbox 605 4004 806 4064; x_wconf 76' lang='lat' dir='ltr'><strong>cotrcstbtoora</strong></span> <span class='ocrx_word' id='word_1_264' title='bbox 827 4005 909 4062; x_wconf 80' lang='lat' dir='ltr'><strong>intro</strong></span> <span class='ocrx_word' id='word_1_265' title='bbox 932 4003 1008 4063; x_wconf 79' lang='lat' dir='ltr'><strong>notit</strong></span> <span class='ocrx_word' id='word_1_266' title='bbox 1031 4011 1149 4062; x_wconf 77' lang='lat' dir='ltr'><strong>cretton</strong></span> <span class='ocrx_word' id='word_1_267' title='bbox 1170 4020 1255 4062; x_wconf 81' lang='lat' dir='ltr'><strong>suom</strong></span> 
     </span>
     <span class='ocr_line' id='line_1_34' title="bbox 397 4100 1458 4184; baseline -0.008 -16"><span class='ocrx_word' id='word_1_268' title='bbox 397 4109 439 4168; x_wconf 74' lang='lat' dir='ltr'><strong>Ab</strong></span> <span class='ocrx_word' id='word_1_269' title='bbox 463 4125 496 4168; x_wconf 81' lang='lat' dir='ltr'><strong>ec</strong></span> <span class='ocrx_word' id='word_1_270' title='bbox 518 4114 552 4167; x_wconf 83' lang='lat' dir='ltr'><strong>nt</strong></span> <span class='ocrx_word' id='word_1_271' title='bbox 575 4107 666 4167; x_wconf 79' lang='lat' dir='ltr'><strong>obeat</strong></span> <span class='ocrx_word' id='word_1_272' title='bbox 688 4123 755 4166; x_wconf 77' lang='lat' dir='ltr'><strong>cunr</strong></span> <span class='ocrx_word' id='word_1_273' title='bbox 778 4123 887 4166; x_wconf 77' lang='lat' dir='ltr'><strong>sorore</strong></span> <span class='ocrx_word' id='word_1_274' title='bbox 911 4113 939 4164; x_wconf 78' lang='lat' dir='ltr'><strong>ct</strong></span> <span class='ocrx_word' id='word_1_275' title='bbox 962 4113 1059 4166; x_wconf 67' lang='lat' dir='ltr'><strong>sirone</strong></span> <span class='ocrx_word' id='word_1_276' title='bbox 1083 4107 1215 4164; x_wconf 75' lang='lat' dir='ltr'><strong>Athenas</strong></span> <span class='ocrx_word' id='word_1_277' title='bbox 1240 4100 1458 4184; x_wconf 70' lang='lat' dir='ltr'><strong>(mensule).</strong></span> 
     </span>
    </p>
   </div>
   <div class='ocr_carea' id='block_1_13' title="bbox 311 4263 517 4274">
    <p class='ocr_par' dir='ltr' id='par_1_13' title="bbox 311 4263 517 4274">
     <span class='ocr_line' id='line_1_35' title="bbox 311 4263 517 4274; baseline -0.019 0"><span class='ocrx_word' id='word_1_278' title='bbox 311 4263 517 4274; x_wconf 57' lang='lat' dir='ltr'><strong>m</strong></span> 
     </span>
    </p>
   </div>
   <div class='ocr_carea' id='block_1_14' title="bbox 401 4317 1604 4413">
    <p class='ocr_par' dir='ltr' id='par_1_14' title="bbox 401 4317 1604 4413">
     <span class='ocr_line' id='line_1_36' title="bbox 401 4317 1604 4413; baseline -0.007 -15"><span class='ocrx_word' id='word_1_279' title='bbox 401 4349 425 4413; x_wconf 89' lang='lat'><strong>1)</strong></span> <span class='ocrx_word' id='word_1_280' title='bbox 445 4344 501 4398; x_wconf 79' lang='lat' dir='ltr'><strong>Th.</strong></span> <span class='ocrx_word' id='word_1_281' title='bbox 521 4344 714 4398; x_wconf 86' lang='lat' dir='ltr'><strong>Kakridie:</strong></span> <span class='ocrx_word' id='word_1_282' title='bbox 740 4342 795 4397; x_wconf 87' lang='lat' dir='ltr'><strong>Die</strong></span> <span class='ocrx_word' id='word_1_283' title='bbox 815 4342 1041 4396; x_wconf 79' lang='lat' dir='ltr'><strong>Contamination</strong></span> <span class='ocrx_word' id='word_1_284' title='bbox 1062 4343 1090 4394; x_wconf 90' lang='lat' dir='ltr'><strong>in</strong></span> <span class='ocrx_word' id='word_1_285' title='bbox 1111 4340 1233 4394; x_wconf 87' lang='lat' dir='ltr'><strong>Plautus’</strong></span> <span class='ocrx_word' id='word_1_286' title='bbox 1253 4339 1335 4394; x_wconf 87' lang='lat' dir='ltr'><strong>Miles</strong></span> <span class='ocrx_word' id='word_1_287' title='bbox 1359 4340 1503 4409; x_wconf 76' lang='lat' dir='ltr'><strong>gloriosus,</strong></span> <span class='ocrx_word' id='word_1_288' title='bbox 1595 4317 1604 4333; x_wconf 58' lang='lat'>⁷</span> 
     </span>
    </p>
   </div>
   <div class='ocr_carea' id='block_1_15' title="bbox 312 4429 861 4498">
    <p class='ocr_par' dir='ltr' id='par_1_15' title="bbox 312 4429 861 4498">
     <span class='ocr_line' id='line_1_37' title="bbox 312 4429 861 4498; baseline -0.013 -11"><span class='ocrx_word' id='word_1_289' title='bbox 312 4433 387 4488; x_wconf 85' lang='lat' dir='ltr'><strong>Mne.</strong></span> <span class='ocrx_word' id='word_1_290' title='bbox 405 4430 496 4485; x_wconf 81' lang='lat' dir='ltr'><strong>Rhea.</strong></span> <span class='ocrx_word' id='word_1_291' title='bbox 515 4433 548 4482; x_wconf 83' lang='lat'><strong>59</strong></span> <span class='ocrx_word' id='word_1_292' title='bbox 567 4430 656 4496; x_wconf 89' lang='grc'>(1904)</span> <span class='ocrx_word' id='word_1_293' title='bbox 676 4447 702 4498; x_wconf 91' lang='lat' dir='ltr'><strong>p.</strong></span> <span class='ocrx_word' id='word_1_294' title='bbox 715 4429 861 4482; x_wconf 73' lang='lat' dir='ltr'><strong>oro-628.</strong></span> 
     </span>
    </p>
   </div>
   <div class='ocr_carea' id='block_1_16' title="bbox 0 0 1708 5298">
    <p class='ocr_par' dir='ltr' id='par_1_16' title="bbox 0 0 1708 5298">
     <span class='ocr_line' id='line_1_38' title="bbox 0 0 1708 5298; baseline 0 0"><span class='ocrx_word' id='word_1_295' title='bbox 0 0 1708 5298; x_wconf 95' lang='lat' dir='ltr'><strong> </strong></span> 
     </span>
    </p>
   </div>
  </div>
 </body>
</html>
