3390 5298
796 585 1013 646 ,64-

314 753 527 818 consentiunt.
572 753 633 832 Qui
655 774 768 819 versus
791 752 1027 837 perditissimos
1050 774 1156 818 mores
1180 751 1308 818 illorum
1331 749 1497 816 hominum

311 857 476 922 illustrant
506 861 603 939 atque
634 855 841 940 amplificant.
885 857 922 920 ln
945 856 1060 922 Colace
1089 853 1146 921 illa
1173 877 1291 922 scaena
1318 856 1381 919 iam
1403 875 1498 938 prae-

309 966 426 1044 parata
450 966 521 1024 erat
536 959 671 1024 Phidiae
688 960 796 1025 verbis
819 981 918 1043 supra
934 961 1085 1026 tractatis
1105 963 1149 1044 (p.
1167 964 1221 1044 61)
1249 959 1366 1043 quibus
1389 956 1500 1023 studia

309 1065 453 1148 vitiaque
468 1064 685 1147 parasitorum
710 1065 891 1128 maledictis
912 1065 1100 1129 insectatur.
1146 1065 1261 1146 ltaque
1284 1061 1385 1126 multo
1401 1061 1498 1144 vehe-

309 1169 449 1234 mentius
472 1168 597 1232 animos
619 1189 741 1247 eorum,
773 1169 829 1250 qui
851 1167 999 1232 Colacem
1029 1174 1266 1252 spectaverunt,
1299 1166 1356 1230 illa
1379 1186 1498 1230 scaena

308 1278 485 1337 commotos
512 1293 582 1336 esse
605 1278 694 1355 puto,
726 1278 899 1356 postquam
922 1272 1030 1337 verbis
1058 1272 1275 1336 adulescentis
1307 1269 1495 1353 praemissis

307 1376 472 1460 parasitus
495 1377 603 1440 omnia
626 1377 777 1441 acumina
798 1381 896 1459 atque
920 1377 1058 1440 astutias
1081 1377 1236 1440 narravit.

394 1478 536 1544 Dubium
553 1500 624 1544 esse
639 1486 756 1563 potest,
780 1485 887 1544 utrum
905 1479 1115 1546 Parmenonis
1130 1480 1240 1558 verba,
1256 1498 1340 1561 quae
1357 1475 1499 1542 orationi

309 1583 491 1648 Gnathonis
512 1583 659 1648 versibus
682 1589 722 1648 23
739 1590 772 1648 et
793 1589 833 1649 34
856 1583 1028 1648 interiecta
1051 1589 1135 1661 sunt,
1159 1605 1176 1648 e
1196 1582 1312 1647 Colace
1335 1580 1499 1646 translata

308 1708 350 1752 an
365 1687 517 1752 Terentio
531 1688 593 1770 ipsi
610 1686 791 1752 addicenda
808 1688 883 1752 sint.
923 1687 947 1750 E
971 1687 1088 1752 Donati
1105 1692 1213 1752 autem
1231 1683 1498 1751 adnotationibus

309 1790 350 1855 ad
369 1812 494 1855 versum
511 1795 567 1856 23:
591 1797 668 1854 mire
688 1795 847 1855 Terentina
863 1798 973 1871 lancae
992 1797 1125 1856 orationi
1140 1794 1325 1868 interloqnia
1347 1793 1500 1867 quaedam

307 1899 440 1970 adhibet,
463 1905 498 1957 nt
510 1896 671 1969 fastidiam
686 1900 880 1973 prolixitatis
895 1901 996 1971 enitet,
1018 1901 1104 1959 nelnt
1122 1915 1205 1958 nunc
1221 1899 1371 1957 Parmeno
1381 1895 1501 1970 procat

309 2004 440 2062 audiens
476 2001 663 2061 Gnathonem
698 2003 776 2062 haee
806 2004 941 2077 loquitur
977 2003 1009 2062 et
1042 1997 1083 2062 ad
1116 2018 1243 2060 versum
1274 2000 1332 2060 34:
1376 1998 1500 2057 Rursus

309 2106 459 2165 Parmeno
482 2110 511 2164 et
532 2103 666 2175 facetias
689 2106 764 2165 dicit
786 2113 815 2166 et
838 2107 998 2180 distinpnit
1024 2104 1240 2180 lonpiloqninm
1256 2103 1397 2177 ,permen
1427 2117 1502 2160 mea

308 2203 438 2286 quidem
473 2205 634 2268 sententia
667 2204 794 2268 elucere
830 2205 957 2270 videtur
994 2205 1067 2269 illos
1100 2225 1211 2268 versus
1244 2202 1397 2268 Terentio
1434 2200 1498 2284 ipsi

308 2305 542 2371 adscribendos
566 2327 644 2371 esse.
691 2308 810 2372 Versus
835 2312 970 2387 36-60,
1001 2329 1072 2372 curn
1097 2307 1137 2370 ad
1163 2307 1351 2390 Pamphilae
1382 2305 1502 2370 deduc·

308 2411 429 2474 tionem
452 2414 609 2492 spectent,
640 2431 657 2474 e
681 2409 807 2474 Graeca
830 2411 986 2476 Eunucho
1009 2411 1141 2476 fluxisse
1173 2415 1205 2474 et
1232 2410 1278 2474 ibi
1302 2408 1500 2490 colloquium

308 2513 391 2578 servi
416 2513 525 2576 militis
557 2519 590 2576 et
612 2513 821 2578 Parmenonis
854 2516 1038 2597 complexos
1071 2535 1141 2578 esse
1171 2535 1230 2596 pro
1262 2519 1352 2578 certo
1384 2511 1500 2575 habeo.

308 2618 479 2682 Terentius
504 2622 611 2680 autern
645 2638 684 2680 ea
714 2617 823 2696 verba,
852 2639 936 2699 quae
969 2639 1080 2683 servus
1114 2617 1224 2682 militis
1257 2617 1345 2696 fecit,
1377 2615 1409 2680 in
1441 2634 1502 2679 sua

311 2721 423 2786 fabula
446 2720 610 2784 Gnathoni
634 2719 792 2784 attribuit.

397 2825 572 2906 Postquam
595 2822 753 2888 Parmeno
784 2823 961 2889 Chaeream
992 2823 1130 2889 eunuchi
1159 2829 1248 2888 veste
1278 2821 1428 2887 indutum
1458 2821 1502 2886 ad

309 2928 465 2993 Thaidem
503 2928 621 2991 ducere
659 2927 840 3005 constituit,
882 2927 977 2992 ambo
1015 2927 1144 2993 domum
1183 2926 1316 2990 intrant.
1367 2926 1501 2990 Interim

309 3032 433 3115 Thraso
455 3037 488 3094 et
511 3030 649 3108 Gnatho,
681 3030 736 3112 qui
759 3051 868 3094 secum
892 3031 1128 3113 colloquuntur,
1159 3031 1191 3094 in
1215 3050 1366 3094 scaenam
1390 3029 1501 3113 (1111)

309 3135 479 3219 prodeunt,
502 3140 540 3198 ut
555 3133 711 3211 Thaidem
735 3133 776 3198 ad
794 3135 973 3200 convivium
990 3135 1162 3199 abducant.
1209 3132 1353 3197 Priorem
1370 3139 1502 3216 partem

310 3239 406 3303 huius
429 3258 566 3302 scaenae
591 3235 631 3301 ad
654 3238 759 3319 ipsum
776 3236 907 3302 fabulae
930 3259 1047 3302 nexum
1070 3238 1157 3302 nullo
1174 3236 1268 3301 modo
1283 3239 1502 3319 pertinentem

310 3364 326 3406 e
354 3342 470 3406 Colace
500 3343 532 3404 in
559 3340 748 3405 Eunuchum
783 3342 976 3406 translatam
1008 3362 1077 3406 esse
1111 3339 1259 3415 omnibus
1287 3340 1364 3404 viris
1395 3339 1503 3403 doctis

307 3445 476 3529 probatur.
508 3445 629 3509 Versus
654 3450 762 3508 autern
788 3452 879 3523 1-4,
902 3446 1074 3528 inquibus
1100 3444 1188 3510 miles
1212 3450 1244 3509 et
1267 3445 1436 3527 parasitus
1462 3443 1503 3506 de

214 3587 216 3592 ·
311 3550 395 3614 dono
408 3548 449 3612 ad
462 3549 665 3612 meretricem
683 3549 779 3612 misso
792 3548 1030 3630 colloquuntur,
1054 3549 1094 3613 ad
1108 3547 1299 3613 Eunuchum
1316 3553 1505 3631 spectantes

310 3653 442 3717 Terenti
464 3652 565 3734 ipsius
588 3650 738 3716 videntur
760 3673 839 3716 esse.

395 3756 432 3819 In
454 3754 602 3818 versibus
626 3761 667 3818 44
680 3776 726 3837 sq.
751 3754 881 3820 Gnatho
906 3756 1063 3820 Thrasoni
1093 3755 1217 3842 suadet,
1254 3761 1300 3833 ut,
1332 3755 1358 3818 si
1389 3756 1421 3818 in
1445 3754 1504 3817 illo

312 3859 459 3924 convivio
469 3858 569 3922 Thais
581 3856 763 3922 Phaedriae
779 3861 973 3923 mentionem
990 3858 1099 3939 faciat,
1116 3857 1318 3942 Pamphilam
1334 3863 1504 3936 cantatum

310 3968 464 4027 arcessat.
511 3961 569 4024 His
599 3961 706 4025 verbis
731 3962 908 4041 indicatur,
942 3963 1103 4044 quomodo
1135 3962 1216 4028 illud
1246 3963 1385 4044 iurgium
1417 3964 1506 4025 inter

206 4065 209 4070 ’
310 4065 466 4129 Thaidem
491 4071 523 4128 et
546 4065 746 4129 Thrasonem
778 4073 883 4129 ortum
911 4067 962 4145 sit,
993 4057 1032 4130 de
1063 4087 1127 4149 quo
1157 4088 1215 4130 nos
1246 4072 1360 4149 postea
1384 4064 1505 4128 Dorias

310 4169 465 4232 certiores
497 4168 576 4232 lacit
598 4168 655 4250 (lv
677 4170 715 4252 1).
761 4169 823 4247 Qui
852 4190 963 4234 versus
995 4191 1066 4234 cum
1099 4170 1246 4234 Eunuchi
1276 4177 1502 4252 argumentum

310 4271 495 4353 respiciant,
512 4291 529 4334 e
546 4269 663 4335 Colace
679 4271 842 4354 desumpti
862 4293 931 4336 esse
947 4293 1011 4336 non
1027 4279 1170 4355 possunt.
1211 4271 1324 4355 Neque
1340 4294 1358 4336 e
1374 4272 1505 4336 Graeca

309 4374 467 4438 Eunucho
481 4374 631 4437 videntur
643 4373 785 4451 fluxisse,
802 4396 873 4438 cum
889 4377 922 4438 in
937 4376 1105 4440 Menandri
1121 4375 1236 4440 fabula
1251 4376 1362 4440 militis
1373 4381 1504 4438 tantum
1546 4388 1549 4394 '

308 4479 430 4565 ‘mentio
448 4476 534 4540 lairta
557 4479 607 4556 sit,
632 4477 723 4541 miles
740 4483 848 4542 autem
864 4479 933 4560 ipse
950 4480 1077 4542 omnino
1094 4500 1156 4542 non
1171 4479 1337 4562 prodierit.
1382 4480 1501 4560 ltaque
