3390 5298
706 575 922 638 ..11-

220 744 412 825 „conuiuam
428 742 678 810 hilarissimum“
702 744 741 830 (6.
759 746 834 829 666)
858 765 891 810 66
912 744 1070 827 praebere
1086 744 1198 828 possit,
1221 765 1325 829 nequa
1342 743 1409 811 alia

221 851 349 916 occasio
373 850 479 929 datur,
503 871 568 932 666
591 855 702 933 partes
734 849 901 932 „primarii
922 849 1059 932 parasiti
1082 855 1181 931 atque
1204 847 1409 914 obsonatoris

221 954 354 1039 optimi“
378 958 465 1037 agat.

306 1059 411 1122 Versu
434 1062 495 1124 672
520 1056 694 1121 Pleusicles
717 1077 814 1139 aegre
837 1055 911 1137 fert,
942 1055 1029 1138 quod
1051 1057 1169 1140 hospes
1192 1055 1409 1120 adulescentis

219 1183 318 1227 causa
350 1166 459 1226 tantos
488 1165 636 1244 sumptus
664 1161 772 1225 faeere
806 1165 950 1242 cogatur,
980 1166 1013 1224 66
1041 1157 1337 1243 Periplectomenus
1362 1181 1412 1224 66-

171 1268 174 1272 ’
220 1265 360 1350 spondet
382 1265 423 1349 (v.
446 1265 614 1345 673s674t:

266 1392 343 1452 Nom
365 1393 396 1449 tu
419 1392 500 1450 mulo
522 1407 623 1451 uuore
646 1395 737 1464 utque
759 1391 880 1450 1666166
902 1391 1007 1465 siquid
1026 1407 1138 1461 sumus,
1160 1395 1298 1464 sumplus
1319 1395 1382 1450 est:

264 1495 302 1553 In
325 1495 402 1555 bono
424 1494 543 1568 hospite
565 1499 657 1567 utque
679 1494 775 1554 666166
799 1499 944 1568 quaestus
967 1499 1021 1566 est,
1047 1496 1129 1568 quod
1150 1494 1289 1554 sumitur.

298 1595 434 1675 'Deinde
459 1630 557 1674 senex
580 1609 730 1693 explicat,
761 1609 879 1692 quibus
903 1611 1009 1675 666616
1033 1609 1193 1675 adductus
1220 1629 1354 1674 uxorem
1377 1610 1410 1673 in

223 1714 465 1778 matrimonium
488 1733 551 1776 non
574 1712 704 1777 duxerit
727 1715 768 1796 (6.
793 1714 986 1798 seo-722).
1032 1713 1327 1796 Periplectomenus
1349 1712 1411 1777 hoe

221 1818 294 1882 loco
325 1837 498 1900 personam
522 1815 669 1880 Miciouis
693 1815 887 1896 Terentiam,
912 1817 977 1900 661,
1000 1816 1108 1899 „quod
1130 1815 1332 1882 fortunatum
1355 1817 1408 1881 ist'

220 1927 348 2005 putant,
361 1941 505 1998 uxorem,
518 1940 693 2002 numquam
705 1919 839 1984 habuit“
855 1920 1159 2005 (adelpertum)
1174 1921 1206 1985 16
1222 1919 1411 1984 memoriam

220 2025 301 2089 mihi
323 2024 449 2106 redigit.
489 2022 597 2088 Verba
621 2023 767 2089 Minionis
790 2045 829 2088 66
853 2024 892 2088 de
916 2045 1015 2089 66666
1037 2025 1137 2089 risum
1161 2030 1299 2104 movent,
1323 2023 1410 2107 quod

222 2149 321 2193 senex
344 2128 376 2190 in
398 2126 651 2206 fabulaeexitu,
676 2133 713 2190 ut
733 2147 867 2191 uxorem
889 2128 921 2192 16
938 2127 1178 2192 matrimonium
1195 2127 1302 2206 (16666,
1325 2147 1410 2192 com·

222 2237 379 2297 movetur.
425 2232 532 2310 Quare
562 2236 669 2295 autem
702 2251 800 2294 senex
822 2231 992 2296 Plautinus
1023 2231 1079 2295 illa
1109 2231 1209 2296 verba
1231 2231 1341 2309 faeiat,
1363 2231 1412 2294 in·

222 2334 334 2418 tellegi
356 2356 420 2401 uon
442 2339 559 2417 potest.

309 2439 449 2504 Maxime
480 2442 587 2502 autem
620 2437 754 2516 mireris,
786 2437 872 2520 quod
897 2438 1193 2522 Periplectomenus
1222 2458 1318 2502 66666
1349 2441 1411 2502 738

224 2564 294 2608 6666
318 2543 511 2608 obsonatum
535 2541 752 2606 discessurum
776 2561 845 2605 esse
869 2541 956 2606 dicit.
992 2543 1081 2620 Quae
1097 2541 1197 2606 verba
1217 2562 1323 2624 neque
1340 2561 1412 2605 cum

223 2647 316 2711 initio
350 2647 445 2710 huius
479 2666 615 2710 6666666
649 2665 754 2727 66666
787 2667 857 2709 oum
894 2645 956 2710 fine
988 2651 1177 2725 congruunt.
1220 2644 1298 2710 (lum
1327 2644 1411 2709 enim

225 2749 401 2815 Pleusicles
425 2755 458 2814 66
480 2748 777 2832 Periplectomenus
807 2770 824 2812 e
848 2748 943 2814 domo
972 2750 1120 2829 exierint,
1144 2755 1180 2813 ut
1203 2770 1275 2813 oum
1299 2746 1412 2812 Palae·

225 2856 345 2920 strione
378 2853 549 2918 eonsilium
578 2851 746 2932 haberent,
774 2853 845 2917 lieri
876 2873 939 2916 non
969 2859 1087 2937 potest,
1117 2853 1194 2936 quin
1222 2874 1320 2918 senex
1346 2852 1411 2916 iam

225 2978 310 3023 6666
335 2957 470 3022 66661116
494 2955 635 3022 nondum
652 2955 765 3020 habito
781 2955 886 3022 abeat.
922 2956 948 3020 E
963 2955 1027 3021 fine
1041 2964 1147 3021 autem
1165 2956 1261 3022 huius
1275 2975 1412 3021 6666666

226 3061 331 3126 616666
357 3059 671 3144 Peripleotomenum
707 3080 771 3122 non
809 3059 1002 3124 obsonatum
1034 3059 1133 3140 abire,
1172 3059 1229 3125 sed
1259 3064 1412 3124 6666666

226 3171 359 3230 6666666
380 3164 454 3229 11166
477 3163 558 3228 (1666
582 3163 732 3227 mulieres
755 3162 972 3246 lepidissimas
995 3163 1146 3228 adducat.

312 3286 487 3369 Postquam
511 3283 686 3350 Pleusicles
716 3305 834 3362 senem,
865 3305 905 3349 ne
938 3305 1071 3369 magnos
1104 3289 1252 3368 sumptus
1279 3284 1413 3362 1666666,

226 3389 418 3454 adhortatus
452 3395 516 3468 666,
551 3387 848 3471 Periplectomenus
883 3409 988 3454 mores
1022 3409 1132 3453 eorum
1167 3387 1320 3471 castigat,
1357 3388 1413 3470 qui

227 3514 306 3558 6666
328 3493 478 3576 apposita
501 3493 542 3576 (v.
568 3493 643 3575 755)
667 3491 775 3556 dicere
798 3492 919 3558 solent:

290 3600 474 3661 Insuntutstt
496 3602 617 3661 terete:
640 3618 710 3661 uum
733 3601 1082 3661 idemtoctonu'ur‘tus
1104 3606 1245 3661 soleret
1268 3603 1380 3670 decem,

227 3700 284 3764 sed
306 3721 482 3783 numquam
505 3703 547 3786 (r.
572 3703 666 3784 759):

291 3807 366 3868 Iube
388 3809 467 3868 illud
489 3810 584 3869 deust:
607 3810 677 3869 tolle
699 3809 954 3882 desepelierunt:
978 3825 1101 3869 remoue
1120 3824 1262 3882 pernam.

311 3924 373 4003 Qui
385 3945 496 3989 versus
515 3924 628 3989 eadem
644 3923 683 3988 de
700 3945 799 3988 oausa
815 3945 880 4007 qua
895 3946 1008 3989 versus
1024 3930 1085 3990 666
1095 3946 1164 4009 sqq.
1188 3923 1241 4007 (of.
1259 3945 1289 4008 p.
1306 3924 1413 4007 lOsq.)

225 4028 267 4092 ad
288 4029 374 4092 hano
396 4026 540 4092 tabulam
563 4048 624 4090 non
649 4026 821 4109 quadrant.

312 4151 402 4228 Quae
426 4167 536 4213 omues
559 4149 776 4231 expositiones
807 4154 906 4231 atque
934 4149 1166 4231 explicationes
1196 4148 1303 4213 subito
1332 4147 1412 4211 inei·
1529 4223 1531 4226 ¹

226 4254 347 4318 duntur
368 4251 475 4317 verbis
497 4251 729 4317 Palaestrionis
751 4253 792 4336 (v.
817 4254 907 4337 766);

374 4377 472 4452 Igitur
495 4378 530 4437 u
551 4380 633 4452 quod
653 4379 759 4454 egitur
781 4379 831 4438 tte
849 4381 982 4452 ‘primum
999 4379 1165 4452 praeuerti
1190 4381 1276 4437 decet

372 4481 459 4540 11666
481 4482 539 4541 too
561 4482 692 4541 animum
715 4482 871 4543 aduertite
893 4481 986 4542 emto.
1063 4541 1066 4546 ,
