3390 5298
835 602 1052 664 ...34-

338 775 444 843 obieit
474 799 502 840 v.
520 782 605 842 42261
646 781 768 840 Pacisci
799 781 886 839 mede
915 778 993 848 seis,
1028 777 1086 836 red
1115 773 1198 848 qued
1229 766 1353 844 pecie's
1384 776 1444 820 neu
1474 754 1547 815 seir

341 889 472 946 reluere.
526 882 617 960 Quae
648 881 675 944 si
705 879 924 962 proponimus,
963 875 1084 957 optime
1115 872 1229 949 elucet,
1268 886 1330 950 qua
1362 861 1402 924 de
1438 872 1548 920 causa

340 987 415 1051 leno
438 987 594 1048 minetur:
623 987 709 1059 Creu,
734 987 939 1056 Phoenicium,
958 983 1101 1057 poenicie
1126 981 1210 1040 cerie
1225 977 1342 1036 iuuiser
1361 965 1547 1044 perpetem.

342 1089 431 1153 Leno
462 1089 546 1152 enirn
576 1087 609 1150 id
640 1109 738 1151 unum
767 1090 902 1168 spectat,
936 1089 973 1148 ut
1003 1101 1099 1164 quam
1131 1077 1298 1142 celerrime
1328 1062 1549 1134 Phoenicium

342 1193 484 1256 vendere
514 1192 626 1275 possit.
672 1190 788 1254 Utrum
814 1209 833 1252 a
856 1187 957 1250 milite
988 1206 1028 1249 an
1056 1183 1097 1248 ab
1130 1180 1337 1246 adulescente
1369 1171 1548 1251 argentum

345 1296 496 1380 accipiat,
520 1294 651 1358 omnino
673 1315 736 1358 non
753 1299 855 1371 curat.
894 1289 1009 1354 Verbis
1026 1293 1133 1352 autern
1157 1303 1256 1367 supra
1279 1275 1418 1364 prolatis
1436 1266 1550 1334 Ballio

345 1398 588 1464 adulescentem
612 1416 812 1462 commovere
836 1394 912 1472 vult,
942 1392 1064 1457 utiam
1092 1389 1188 1454 hodie
1215 1385 1355 1451 amicam
1381 1378 1478 1452 emat,
1506 1389 1552 1433 ne

344 1502 403 1566 illa
427 1524 520 1582 „oras
543 1501 693 1584 poenicio
717 1500 803 1565 corio
826 1498 993 1582 pergulam
1015 1495 1161 1559 invisat.“

433 1643 450 1725 §
481 1645 528 1704 12.
575 1641 629 1703 De
662 1630 781 1704 actus
815 1637 937 1721 primi
970 1653 1119 1700 scaena
1153 1627 1291 1693 tertia.
1337 1623 1407 1685 Iam
1442 1632 1552 1697 supra

348 1744 643 1808 demonstravimus
666 1743 900 1826 expositionem
922 1739 1053 1803 fabulae
1070 1739 1110 1820 (v.
1127 1729 1320 1812 269-382),
1345 1742 1444 1806 quam
1460 1719 1551 1782 haec

346 1869 466 1911 scaena
490 1847 642 1925 eontinet,
669 1867 708 1910 ex
732 1844 909 1928 exemplari
926 1843 1051 1907 Graece
1067 1839 1095 1904 Α
1111 1858 1182 1902 esse
1199 1835 1414 1914 desumptam.
1451 1821 1553 1885 Nunc

348 1949 573 2033 quaerendum
605 1956 662 2028 est,
692 1971 768 2013 num
800 1955 870 2012 tota
901 1965 1019 2010 scaena
1043 1965 1082 2006 ex
1112 1940 1167 2004 ille
1192 1932 1371 2018 exemplari
1401 1923 1553 1992 fluxerit.

435 2053 565 2117 luitium
590 2047 727 2117 scaenae
751 2054 799 2116 13
822 2051 984 2115 artissime
1001 2069 1072 2112 curn
1097 2064 1215 2108 scaena
1237 2043 1297 2116 12,
1322 2053 1419 2118 quam
1438 2046 1552 2093 exem·

347 2157 449 2240 plaris
465 2156 584 2220 Graeci
601 2155 625 2218 B
642 2177 712 2220 esse
730 2176 830 2238 supra
846 2153 1063 2236 exposuimus
1079 2149 1284 2213 coniunctum
1303 2143 1361 2203 est.
1401 2133 1551 2196 Primum

348 2261 431 2324 enirn
464 2259 634 2324 Calidorus
662 2260 765 2336 timet,
795 2279 835 2322 ne
859 2255 960 2321 Bullio
988 2254 1031 2333 id,
1062 2251 1148 2336 qnod
1176 2269 1246 2313 sese
1278 2245 1444 2308 facturum
1476 2251 1552 2295 esse

348 2363 496 2427 versibus
527 2362 665 2447 2281329
696 2363 838 2426 minatus
869 2364 927 2438 est,
959 2359 1115 2442 perficiat.
1169 2349 1292 2416 Deinde
1323 2343 1394 2407 dies
1426 2334 1552 2402 natalis

348 2466 484 2544 lenonie,
515 2487 579 2549 quo
602 2465 657 2529 ille
681 2466 758 2529 viris
786 2463 958 2548 primariis,
988 2461 1043 2544 qui
1065 2460 1133 2524 eius
1163 2456 1292 2520 domum
1324 2443 1551 2526 frequentant,

354 2571 535 2635 convivium
567 2569 704 2632 daturus
737 2573 787 2631 est
827 2566 881 2650 (ef.
905 2589 932 2629 v.
962 2567 1138 2640 165-167,
1164 2551 1347 2632 lta-181)
1389 2552 1422 2610 et
1453 2563 1554 2607 versu

349 2680 412 2739 234
434 2681 468 2738 et
483 2695 579 2738 versu
600 2677 661 2736 243
685 2676 965 2734 commemoratur.
1004 2667 1083 2730 Turn
1107 2664 1178 2728 lene
1197 2659 1366 2725 1111111241
1392 2647 1552 2712 inferum

352 2799 386 2842 se
412 2777 560 2842 conferre
582 2777 615 2839 in
638 2776 746 2839 animo
771 2773 880 2851 babet,
902 2778 939 2836 ut
960 2773 1024 2834 iarn
1049 2789 1143 2832 versu
1170 2769 1228 2828 163
1252 2756 1417 2824 indicavit.

437 2880 500 2945 Sed
524 2880 557 2943 in
580 2879 643 2942 hac
667 2899 787 2942 scaena
811 2877 876 2941 alia
901 2895 1028 2958 quoque
1060 2872 1251 2953 argumenta
1279 2864 1400 2936 insunt,
1433 2852 1555 2936 quibus

349 2983 594 3047 demonstratur
610 2981 740 3045 initium
757 2979 935 3063 exemplari
952 2979 975 3040 B
992 2973 1198 3040 tribuendum
1222 2989 1301 3032 esse.
1341 2963 1449 3027 Versu
1466 2956 1553 3020 enirn

350 3091 413 3150 258
447 3085 617 3150 Calidorus
651 3083 793 3148 Ballioni
824 3083 919 3146 dicit:
953 3084 1051 3155 Dete,
1084 3081 1206 3155 queneto
1242 3075 1310 3133 erit.
1364 3057 1559 3144 Respondet
1681 3043 1682 3120 J

350 3194 459 3253 autem
491 3189 583 3253 leno:
623 3193 733 3250 Ducite
769 3192 893 3263 errando
926 3186 1058 3248 iubebis.
1110 3180 1199 3256 Quae
1233 3173 1333 3237 verba
1369 3165 1567 3250 repugnant
1681 3198 1682 3232 1

351 3291 499 3368 versibus
524 3292 673 3376 3411342,
699 3291 848 3368 3721377,
878 3307 958 3369 quos
982 3307 1020 3349 ex
1043 3279 1219 3363 exemplari
1246 3280 1269 3340 Α
1294 3271 1431 3337 fluxisse
1455 3283 1558 3347 supra

353 3396 561 3458 eonieeimus
607 3391 766 3456 Versibus
788 3391 925 3476 3411342
951 3389 1033 3452 sirim
1056 3387 1128 3450 leno
1145 3381 1295 3447 Calidoro
1318 3367 1558 3452 interroganti:

461 3522 527 3579 Neu
552 3519 647 3578 lreber
670 3518 812 3576 uenalem
836 3517 962 3575 emicem
987 3519 1019 3572 iu
1041 3527 1135 3570 meum
1158 3502 1378 3566 Phoenicium?

352 3635 546 3718 respondet:

464 3759 531 3817 Neu
556 3758 668 3831 edepol
689 3755 787 3815 iubeo
806 3752 970 3828 prefecto:
993 3769 1063 3811 uem
1085 3752 1144 3809 iem
1162 3747 1288 3822 pridem
1311 3737 1455 3800 uendidi.

443 3872 602 3937 Versibus
626 3871 765 3954 3721377
798 3876 908 3934 autem
939 3869 1012 3932 leno
1043 3864 1149 3930 verbis
1178 3856 1355 3945 perlucidis
1385 3851 1468 3915 dicit
1492 3864 1562 3910 sese

307 4002 309 4005 ’
355 3975 584 4041 tantummode
612 3973 691 4036 inde
715 3994 734 4036 a
758 3973 811 4036 die
837 3973 978 4036 crastino
1011 3965 1208 4032 adulescenti
1238 3958 1445 4025 meretricem
1473 3947 1562 4014 dedi·

353 4088 464 4145 turum
496 4098 577 4154 esse,
609 4077 671 4138 nisi
701 4075 799 4140 bodie
831 4075 924 4137 miles
953 4073 1093 4153 quinque
1125 4069 1226 4130 minas
1258 4064 1422 4127 allaturus
1456 4050 1562 4116 suerit.
1681 4125 1682 4140 Σ

355 4184 478 4246 Contra
495 4201 608 4243 versus
631 4184 693 4242 258
711 4178 835 4261 optime
853 4176 894 4238 ad
911 4179 1133 4254 argumentum
1151 4165 1346 4250 exemplaris
1364 4161 1389 4224 B
1408 4155 1561 4240 quadrat.

354 4285 471 4365 Neque
503 4281 596 4344 miles
626 4301 732 4361 neque
766 4278 957 4342 adulescens
987 4276 1093 4338 lenoni
1121 4273 1294 4354 quicquam
1323 4260 1562 4348 pependerunt.

357 4387 420 4464 Qui
444 4386 569 4466 primus
594 4388 766 4464 argentum
794 4381 908 4454 solvet,
933 4379 1066 4440 amicam
1091 4376 1195 4438 ducet.
1242 4367 1438 4433 Rectissime
1466 4359 1563 4442 igitur
1681 4377 1682 4380 ¹

357 4489 463 4554 Ballio
489 4487 589 4551 dicit:
613 4491 740 4561 Ducite,
765 4489 892 4562 puericie
915 4485 1047 4544 iubebis,
1092 4477 1168 4540 lnde
1199 4495 1218 4537 a
1249 4493 1344 4536 versu
1369 4474 1434 4531 269
1466 4478 1565 4544 usque
