3390 5298
806 557 1021 618 ..22-

320 750 351 811 p.
379 693 452 810 192)
484 726 516 790 in
548 747 585 790 eo
618 724 830 806 offenderunt,
866 726 953 809 quod
983 726 1143 810 expositio
1174 726 1306 792 fabulae
1337 747 1400 792 non
1431 725 1511 790 satis

211 847 213 851 ·
321 831 491 916 perlucida
519 831 571 909 sit,
601 830 658 897 sed
688 836 814 895 tantum
845 829 895 895 his
921 830 1028 896 verbis
1056 831 1277 915 Agorastoclis
1308 830 1512 895 contincatur

321 935 361 1020 (r.
386 936 586 1018 loe-ltu:
891 1025 1030 1101 Differor

576 1126 726 1203 Cupidine
749 1129 833 1188 eius:
855 1130 912 1188 sed
933 1129 1041 1189 lenone
1063 1131 1139 1190 istoc
1162 1129 1253 1206 Lyco,

570 1232 660 1291 Illius
684 1233 813 1305 domiuo,
838 1249 899 1292 nou
921 1233 1251 1292 lacrumantumque.
1339 1291 1342 1295 ,

408 1352 478 1429 Qua
501 1348 541 1414 de
564 1369 664 1412 cansa
685 1347 759 1412 leno
782 1348 982 1413 adulescenti
1008 1348 1168 1414 ditissimo
1184 1354 1217 1414 ct
1233 1349 1369 1428 amicam
1387 1350 1514 1414 emendi

321 1453 439 1537 cupido
462 1453 604 1536 puellam
628 1451 774 1535 deneget,
798 1473 861 1516 non
885 1454 1108 1536 comperimus.
1148 1455 1251 1533 Quam
1275 1453 1513 1537 neglegentiam

320 1578 384 1620 non
414 1561 532 1640 poetae
562 1555 698 1634 Graece,
730 1563 767 1620 ut
796 1556 1004 1622 Franckenus
1035 1563 1068 1622 et
1097 1557 1269 1641 Langenus
1299 1562 1425 1641 putant,
1456 1557 1514 1622 scd

321 1660 438 1725 Plauto
472 1660 535 1744 ipsi
568 1659 809 1724 attribuendam
845 1681 914 1725 esse
943 1681 982 1724 ex
1013 1681 1051 1725 eo
1080 1668 1226 1745 apparet,
1262 1660 1348 1743 quod
1379 1661 1411 1724 in
1439 1660 1514 1724 aliis

321 1763 441 1829 fabulis
459 1763 546 1828 velut
567 1764 600 1828 in
617 1763 808 1829 Curculione
831 1763 913 1828 hacc
930 1763 1104 1847 explicatio
1128 1785 1192 1829 non
1211 1764 1303 1830 deest
1315 1766 1350 1847 1).
1388 1763 1514 1829 Deinde

322 1867 501 1932 rectissime
531 1867 631 1932 Leoni
661 1866 826 1952 displicuit
855 1867 973 1946 dolum,
1004 1889 1098 1950 quem
1127 1867 1262 1953 Milphio
1294 1867 1335 1932 ad
1365 1866 1515 1931 lenonem

322 1971 521 2056 perdendum
560 1972 733 2054 excogitat,
767 1991 986 2056 praepropere
1024 1971 1178 2036 adversus
1211 1972 1407 2036 comicorum
1439 1992 1516 2036 con-

323 2075 526 2141 suetudinem
544 2075 577 2139 in
593 2075 750 2160 proximis
766 2075 913 2140 versibus
929 2081 1096 2142 159-189
1113 2077 1213 2159 sequi.
1240 2075 1320 2140 Tum
1334 2075 1382 2138 vir
1398 2075 1515 2140 doctus

322 2180 438 2244 haeret
460 2179 493 2243 in
517 2199 564 2257 eo,
596 2179 683 2261 quod
706 2180 934 2261 Agorastocles
963 2179 1050 2244 solus
1080 2178 1158 2258 abit,
1191 2164 1332 2264 Milphio
1349 2183 1457 2243 autem
1480 2179 1515 2241 in

324 2303 443 2348 scaena
465 2288 622 2362 remanet,
644 2304 841 2367 quamquam
866 2304 976 2348 servus
999 2284 1068 2368 ipse
1092 2282 1173 2348 dixit
1196 2286 1237 2368 (v.
1264 2282 1430 2368 lachem:

572 2391 722 2452 Abeamus
745 2393 836 2465 intro,
859 2397 894 2451 ut
920 2391 1117 2452 (tortuosam
1141 2392 1265 2452 uilicum

573 2495 662 2556 Hanc
677 2497 904 2570 perdoceamus
926 2502 960 2555 eu
977 2499 1067 2572 ferat
1082 2496 1253 2571 fallacium.

409 2612 532 2691 Quibus
555 2633 572 2676 e
589 2611 817 2695 discrepantiis
836 2612 898 2679 Leo
914 2612 947 2697 (l.
965 2614 1006 2696 c.)
1022 2633 1172 2677 scaenam
1188 2613 1327 2696 primam
1342 2610 1404 2676 hoc
1420 2611 1516 2682 modo

322 2737 342 2780 a
365 2716 480 2780 Plauto
505 2717 717 2799 compositam
741 2737 811 2781 esse
834 2716 1006 2781 concludit.
1043 2717 1167 2782 Versus
1191 2721 1357 2782 las-154
1377 2715 1518 2800 cprima

322 2839 441 2884 scaena
466 2818 678 2884 Carchedonii
700 2841 770 2884 esse
797 2820 994 2903 desumptos‚
1028 2842 1141 2886 versus
1165 2826 1273 2885 autem
1300 2824 1466 2885 155-202
1498 2841 1517 2884 e

324 2921 437 2987 fabula
460 2921 486 2985 B
510 2943 580 2987 esse
611 2924 760 3003 insertos,
790 2924 823 2987 in
854 2945 918 3006 qua
948 2944 1059 2988 versus
1093 2929 1260 2990 lto-189
1291 2929 1365 3007 post
1392 2945 1419 2987 v.
1443 2929 1517 3000 415,

323 3046 435 3091 versus
460 3031 627 3092 190-202
651 3033 726 3110 post
741 3035 768 3090 ν’.
786 3033 848 3092 409
866 3026 1016 3092 collocati
1039 3027 1168 3092 fuerint.
1206 3028 1327 3092 Versus
1344 3031 1515 3093 203-209

323 3128 536 3194 Carchedonii
560 3151 640 3195 esse.

409 3236 436 3298 A
460 3235 621 3300 sententia
642 3234 760 3299 Leonis
784 3234 965 3299 Karstenus
995 3235 1028 3319 (l.
1053 3255 1079 3299 c.
1100 3257 1130 3318 p.
1147 3237 1333 3319 374-381)
1366 3235 1516 3300 dissentit

324 3344 416 3404 ratus
438 3344 539 3403 totam
573 3359 725 3403 scaenam
749 3359 766 3402 e
789 3337 902 3404 fabula
922 3339 948 3402 B
973 3338 1175 3422 desumptam
1200 3360 1279 3404 esse.
1325 3339 1517 3422 Suspicatur

325 3444 409 3509 enim
432 3447 506 3528 post
529 3463 557 3507 v.
583 3447 643 3507 158
667 3441 699 3506 in
723 3441 835 3508 fabula
858 3463 1018 3528 anonyma
1041 3444 1277 3507 contumaciam
1300 3442 1435 3522 lenonis,
1456 3445 1516 3508 im-

325 3547 541 3632 plorationem
559 3546 789 3629 Agorastoclis‚
811 3547 1057 3629 promissionem
1080 3546 1266 3630 Milphionis
1290 3552 1420 3612 secutas
1436 3568 1515 3612 esse.

326 3650 450 3716 Deinde
466 3649 579 3715 ambos
596 3650 724 3714 domum
748 3651 888 3715 intrasse
905 3657 938 3715 et
953 3649 1157 3732 soliloquium
1175 3651 1252 3735 Lyci
1273 3656 1418 3715 secutum
1437 3671 1516 3716 esse.

324 3756 361 3820 In
387 3775 506 3820 scaena
535 3754 683 3836 sequenti
708 3759 776 3818 tum
806 3754 1016 3838 Milphionem
1046 3775 1154 3838 pauca
1184 3755 1369 3837 praefatum
1392 3758 1516 3836 Agora·

325 3858 419 3924 stocli
443 3859 573 3922 exeunti
596 3859 727 3922 inventa
750 3879 809 3922 sua
828 3878 997 3922 enarrasse
1021 3858 1177 3941 incipiens
1200 3857 1268 3922 fere
1286 3857 1327 3921 ab
1351 3858 1406 3936 eis,
1432 3879 1516 3940 quae

325 3966 400 4046 post
423 3983 451 4026 v.
478 3967 537 4027 159
561 3961 720 4044 legantur.

323 4145 325 4150 ,
412 4066 506 4131 Certe
530 4065 689 4150 expositio
712 4065 843 4131 fabulae
867 4066 902 4145 B,
931 4087 1015 4148 quae
1038 4065 1103 4130 iam
1129 4070 1204 4129 actu
1233 4064 1329 4129 tertio
1353 4063 1514 4128 adfinem

325 4169 487 4253 quendam
510 4169 707 4252 perducitur,
740 4169 843 4234 fusius
865 4169 898 4233 in
922 4168 1100 4254 exemplari
1123 4168 1248 4233 Graeco
1271 4168 1435 4251 explicata
1458 4174 1515 4233 est.

324 4276 440 4357 Itaque
463 4274 623 4338 sententia
637 4274 800 4353 Karsteni‚
824 4295 889 4356 qua
910 4273 1005 4338 docet
1027 4273 1197 4338 nonnullas
1220 4285 1354 4337 scaenas
1371 4272 1514 4337 Graecas

417 4480 441 4546 l)
462 4479 503 4533 of.
521 4478 594 4532 Leo
613 4480 630 4532 l.
647 4497 670 4533 c.
689 4498 716 4548 p.
731 4481 873 4535 159-161.
