3390 5298
695 579 966 660 -nrf

370 842 408 920 Β.
439 841 490 920 tte
519 840 664 920 ratione
695 835 965 919 contaminandi
994 835 1230 916 Terentiana.

677 1035 701 1093 I.
725 1034 769 1094 Do
791 1032 917 1092 Andria.

294 1172 382 1255 §id
427 1165 1118 1251 Deactusprimisoaenaprima.
1172 1164 1302 1228 Terenti
1334 1169 1396 1229 An·

205 1273 312 1338 driam
342 1274 375 1337 in
406 1293 539 1338 numero
571 1271 756 1337 fabularum
787 1269 1079 1336 contaminatarum
1112 1267 1295 1333 habendam
1327 1289 1397 1332 esse

205 1398 318 1441 versus
342 1381 447 1441 9-14
470 1376 597 1460 prologi
619 1375 750 1441 docent:

415 1485 588 1544 Menander
610 1482 686 1554 fecit
708 1485 855 1548 Andriam
880 1490 909 1542 et
928 1482 1125 1542 Perinthiam.

417 1589 474 1660 (lai
496 1588 646 1647 atramais
669 1593 754 1648 recte
776 1588 868 1658 norit,
891 1586 994 1646 ambas
1017 1586 1154 1646 nouerit:

414 1691 462 1751 lta
484 1709 544 1750 non
569 1692 709 1751 dissimili
730 1697 802 1750 sant
824 1695 1014 1765 ornamento,
1039 1695 1189 1748 ettamen

412 1794 559 1854 Dissimili
582 1795 720 1855 oratione
743 1801 815 1853 sant
831 1798 940 1870 factae
964 1810 1002 1853 ac
1025 1795 1102 1853 stilo.

418 1899 502 1970 Quae
526 1913 709 1970 conuenere,
733 1899 764 1956 ia
787 1899 936 1957 Andriam
959 1914 999 1956 en
1023 1897 1182 1956 Perinthia

412 2001 541 2061 Fatetur
564 2003 759 2061 transtulisse
782 2008 873 2076 atque
893 2018 980 2060 asam
995 2017 1059 2074 pro
1078 2001 1152 2060 sais.

293 2100 464 2164 Terentius
479 2101 578 2182 igitur
595 2100 748 2164 Andriam
769 2099 939 2164 Menandri
962 2120 1022 2182 pro
1038 2098 1248 2164 fundamento
1264 2096 1395 2163 fabulae

204 2202 329 2270 latinae
362 2203 478 2268 habuit
507 2210 540 2267 et
562 2225 579 2267 e
601 2204 766 2268 Perinthia
788 2203 962 2268 Menandri
989 2204 1021 2266 in
1046 2203 1198 2266 Andriam
1229 2202 1397 2300 transtulit

205 2327 314 2389 „quae
337 2313 584 2371 convenerunt.“
629 2308 776 2386 Quantae
800 2315 907 2371 autem
931 2313 1041 2390 partes
1059 2306 1242 2370 Perinthiae
1258 2305 1397 2371 attribu-

203 2410 308 2474 endae
332 2411 396 2474 sint
419 2432 436 2474 e
459 2411 578 2474 Donati
591 2409 800 2475 adnotatione
825 2412 866 2475 ad
891 2410 1017 2493 prologi
1030 2431 1156 2474 versum
1175 2409 1395 2474 lidiscimns:

201 2521 261 2578 scd
289 2536 387 2592 quare
413 2536 487 2594 erqo
517 2535 550 2578 se
580 2525 688 2578 onerat
714 2519 884 2591 Terentius,
916 2536 982 2578 cum
1005 2519 1107 2593 possit
1134 2519 1238 2578 uideri
1269 2519 1307 2577 de
1333 2535 1397 2577 nna

202 2624 421 2682 transtulisse?
443 2624 489 2681 sic
511 2623 660 2682 soluitur:
684 2623 758 2696 qaia
780 2623 920 2682 conscias
942 2622 1000 2681 sihi
1023 2629 1069 2681 est
1094 2623 1230 2696 primam
1251 2638 1396 2681 scaenam

201 2727 241 2784 de
267 2727 425 2786 Perinthia
456 2743 522 2785 csse
545 2727 737 2796 translatam,
761 2726 813 2786 ahi
834 2743 932 2786 senec
963 2727 1005 2786 ita
1036 2743 1103 2785 cam
1125 2742 1224 2785 acore
1249 2726 1394 2799 loquitar,

201 2836 236 2888 at
260 2832 346 2903 apud
370 2830 541 2889 Terentiam
564 2846 631 2888 carn
655 2830 772 2889 lihcrto.
796 2835 828 2889 at
859 2831 890 2888 in
914 2831 1034 2890 Andria
1059 2829 1224 2889 Menandri
1246 2831 1328 2888 solas
1351 2836 1398 2888 cst

201 2949 311 2992 senen.
358 2928 447 3005 Quae
479 2928 578 2992 verba
608 2929 686 2992 satis
718 2928 883 3010 perlucide
906 2928 1044 2994 edocent
1065 2927 1246 3011 exemplum
1269 2929 1395 3010 primae

202 3051 341 3094 scaenae
365 3052 428 3093 non
455 3031 618 3110 Andriam,
642 3030 697 3095 sed
723 3031 920 3094 Perinthiam
949 3031 1121 3096 Menandri
1145 3031 1253 3094 fuisse.
1289 3031 1397 3095 Verha

158 3210 163 3220 ¹
203 3141 324 3213 autem,
348 3155 431 3216 quae
455 3135 488 3197 in
510 3133 677 3198 Perinthia
700 3155 781 3222 onor
805 3135 943 3199 Simonis
972 3135 1059 3213 iecit,
1090 3133 1260 3198 Terentius
1284 3134 1395 3198 Sosiae

202 3230 322 3301 liberto
346 3237 505 3302 attribuit.
551 3238 652 3316 Quam
673 3239 830 3302 rationem
847 3237 1088 3303 contaminandi
1103 3245 1201 3322 poeta
1215 3259 1253 3302 eo
1269 3238 1397 3302 facilius

201 3341 294 3423 sequi
326 3342 441 3424 potuit,
476 3339 562 3424 quod
592 3340 667 3404 illae
691 3341 774 3406 duae
806 3341 936 3407 fabulae
961 3343 1026 3421 „ita
1049 3363 1112 3406 non
1144 3343 1290 3406 dissimili
1321 3347 1397 3406 sunt

204 3449 424 3526 argument0.“
478 3444 549 3507 Huc
581 3451 729 3527 spectant
760 3445 859 3509 verba
889 3446 1007 3509 Donati
1038 3445 1080 3510 ad
1110 3446 1236 3529 prologi
1268 3467 1395 3510 versum

207 3552 247 3611 10
271 3547 389 3611 allata:
412 3553 517 3625 prima
539 3568 654 3611 scaena
670 3553 846 3612 Perinthiac
869 3551 939 3623 sere
961 3555 1056 3613 isdem
1078 3554 1182 3614 aeriis
1204 3553 1312 3628 quihus
1335 3556 1396 3612 Aa·

201 3657 274 3715 dria
310 3656 429 3730 scripta
457 3662 511 3726 cst,
547 3663 652 3715 cctcra
689 3657 849 3717 dissimilia
881 3664 953 3716 sant
982 3658 1119 3732 conceptis
1159 3657 1275 3717 dachas
1310 3657 1395 3729 locis,

202 3761 300 3818 altero
323 3761 366 3819 ad
386 3775 498 3818 uersas
521 3759 578 3830 XI,
602 3761 700 3818 altero
724 3760 767 3818 ad
788 3761 859 3832 i'n',
894 3762 946 3836 qai
968 3762 999 3819 in
1022 3767 1156 3836 atraque
1172 3761 1284 3836 fadaia
1304 3761 1397 3836 positi

203 3867 283 3921 sant.

290 3959 383 4025 Nune
406 3961 548 4044 singulos
578 3983 691 4026 versus
722 3963 817 4027 huius
840 3983 978 4027 scaenae
1009 3963 1121 4045 paucis
1150 3963 1395 4046 perlustremus.

201 4063 237 4127 In
253 4065 399 4128 versihus
417 4071 518 4128 1-19
533 4066 619 4130 Simo
633 4072 809 4145 enumerat,
830 4072 909 4149 quot
920 4065 1083 4156 beneficiis
1097 4067 1222 4130 Sosiam
1240 4065 1395 4146 affecerit,

202 4174 234 4229 et
255 4166 351 4238 fidem
383 4169 705 4252 taciturnitatemque
736 4169 846 4234 liberti
878 4169 939 4234 sibi
975 4171 1134 4252 astringit.
1181 4171 1243 4248 Qui
1275 4191 1394 4249 versus,

202 4291 273 4334 cum
308 4271 350 4335 ad
381 4272 538 4336 neminem
571 4274 639 4346 nisi¹
666 4273 817 4338 libertum
841 4256 1146 4356 quadrent,'neque
1180 4294 1196 4337 e
1230 4273 1394 4337 Perinthia

201 4393 305 4456 neque
340 4395 379 4437 ex
411 4375 532 4438 Andria
560 4376 701 4454 fluxisse,
733 4377 789 4440 sed
824 4398 843 4440 a
873 4377 1024 4440 Terentio
1055 4379 1125 4460 ipso
1165 4377 1203 4440 de
1234 4398 1291 4440 suo
1324 4398 1394 4440 esse

202 4477 304 4540 additi
329 4478 487 4543 videntur.
533 4480 653 4544 Versus
679 4486 814 4559 20-41,
846 4480 963 4564 quihus
987 4489 1166 4560 enarratur,
1197 4501 1293 4564 quam
1317 4481 1394 4544 rati-
