3390 5298
657 527 874 590 ,59-

173 717 239 761 uon
260 719 401 781 possum,
425 718 489 779 qua
512 698 551 761 do
568 687 668 761 causa
684 696 854 762 Terentius
871 717 942 760 eam
959 695 1106 761 eColace
1119 696 1154 760 in
1170 695 1362 761 Eunuchum

174 823 268 866 suam
291 800 504 866 transtulerit.

258 906 383 970 Thraso
411 910 482 969 tota
507 905 540 968 iu
563 904 675 970 fabula
699 904 859 969 secundas
882 909 993 987 partes
1020 905 1096 986 agit.
1143 905 1180 969 ln
1202 904 1307 987 primo
1331 909 1364 968 et

173 1008 317 1074 secundo
334 1014 410 1074 actu
426 1008 537 1072 militis
553 1009 675 1073 mentio
691 1007 915 1072 tantummodo
938 1007 984 1086 fit,
1006 1007 1118 1097 prodit
1140 1013 1249 1073 autem
1272 1007 1364 1072 miles

173 1114 304 1178 demum
331 1113 364 1176 in
386 1118 461 1176 actu
485 1113 590 1177 tertio.
636 1113 751 1195 Itaque
785 1112 946 1176 sententia
969 1111 1091 1176 Fabiae
1115 1116 1148 1175 et
1169 1110 1365 1194 Oudegeesti

175 1238 240 1281 nou
265 1214 490 1299 improbabilis
514 1236 584 1280 esse
609 1216 685 1280 mihi
699 1216 837 1294 videtur,
861 1216 916 1298 qui
940 1215 1126 1280 existiment
1146 1214 1257 1279 militis
1280 1215 1364 1279 utin

172 1322 282 1404 primo
308 1324 340 1384 et
363 1319 505 1384 secundo
529 1325 605 1384 actu
629 1319 777 1384 Eunuchi
794 1318 1011 1384 Menandreae
1033 1320 1081 1383 ita
1104 1318 1364 1402 insequentibus

173 1445 305 1508 quoque
327 1428 454 1487 tantum
482 1424 674 1488 mentionem
706 1423 827 1488 factam
853 1444 933 1502 esse,
967 1423 1101 1488 militem
1126 1427 1233 1487 autem
1257 1423 1363 1506 ipsum

172 1529 207 1592 in
232 1548 382 1593 scaenam
402 1548 464 1591 non
481 1526 649 1611 prodiisse.
684 1527 863 1603 Terentius,
888 1532 924 1590 ut
945 1525 1090 1591 fabulam
1112 1527 1234 1591 maiore
1252 1526 1362 1608 vigore

172 1631 393 1715 perfunderet,
420 1631 592 1708 consilinm
623 1631 710 1715 cepit
739 1624 897 1696 eiusmodi
933 1651 1092 1713 personae
1124 1629 1363 1714 producendae.

172 1735 254 1800 Cum
285 1735 465 1818 exemplum
488 1741 670 1817 quaereret,
704 1734 790 1816 quod
821 1739 1021 1817 sequeretur,
1052 1734 1174 1799 invenit
1206 1733 1364 1813 Colacem,

173 1860 191 1903 e
216 1861 282 1922 qua
305 1839 415 1904 militis
438 1860 611 1922 personam
633 1845 802 1904 mutuatus
829 1844 887 1904 est.

263 1962 300 2025 Iu
323 1961 439 2026 Colace
463 1967 581 2039 autem,
604 1966 641 2025 ut
667 1959 754 2025 infra
775 1959 1014 2039 demonstrabo,
1046 1981 1118 2024 cum
1148 1961 1204 2025 illa
1226 1981 1366 2045 persona

175 2065 340 2130 artissime
362 2065 527 2148 parasitus
549 2063 738 2128 coniunctus
763 2069 821 2128 est.
867 2065 950 2143 Quin
972 2065 1005 2127 in
1022 2063 1193 2129 Menandri
1209 2064 1365 2128 Eunucho

172 2189 315 2250 persona
345 2189 426 2251 opus
455 2169 506 2246 sit,
535 2188 619 2250 quae
647 2166 850 2250 Pamphilam
880 2167 921 2231 ad
952 2166 1109 2232 Thaidem
1138 2167 1245 2246 ducat,
1271 2189 1365 2232 nemo

173 2271 354 2357 dubitabit,
384 2271 543 2335 incertum
575 2277 683 2335 autem
716 2277 774 2350 est,
805 2277 912 2335 utrum
943 2271 1001 2336 illa
1030 2292 1171 2355 persona
1198 2271 1363 2354 parasitus

174 2396 216 2439 an
234 2375 346 2439 militis
361 2395 473 2439 servus
487 2375 594 2439 fuerit.
618 2373 837 2454 Conferamus
849 2395 979 2457 quaeso,
990 2375 1111 2439 Donati
1123 2375 1366 2440 adnotationem

174 2479 217 2542 ad
240 2500 368 2543 versum
392 2483 453 2542 228
476 2485 527 2543 hic
549 2484 670 2557 quidem
693 2489 740 2542 ert
754 2485 918 2557 peruritur
938 2483 1075 2544 Gnatho:
1098 2485 1175 2543 hoec
1197 2483 1366 2557 1111111111-

175 2590 332 2647 uuudrum
351 2588 383 2646 iu
406 2587 555 2646 Eunucho
578 2604 637 2646 11111
661 2592 741 2658 suut,
771 2593 806 2646 ut
827 2588 894 2660 ipre
919 2590 1084 2663 professus
1114 2593 1160 2646 eat
1194 2581 1288 2666 (prol.
1313 2581 1366 2666 25)

176 2691 322 2765 parasiti
336 2707 503 2764 personum
525 2691 689 2762 etmiluls’,
710 2692 768 2750 sed
790 2693 828 2750 de
850 2689 957 2751 Ooluee
981 2693 1135 2750 translatu
1158 2695 1237 2750 runt.
1277 2686 1367 2764 Quae

175 2789 278 2854 verba
291 2809 363 2853 cum
377 2790 598 2855 demonstrent
610 2789 791 2872 parasitum
805 2790 838 2853 in
855 2789 1024 2853 Menandri
1044 2789 1200 2854 Eunucho
1217 2787 1367 2867 doluisse,

175 2913 250 2958 mea
266 2893 396 2976 quidem
417 2894 578 2957 sententia
593 2893 766 2958 verisimile
783 2899 833 2958 est
848 2894 1034 2957 Terentium
1051 2913 1111 2975 pro
1128 2892 1238 2957 militis
1263 2873 1365 2970 servo,

176 2998 234 3080 qui
255 2996 459 3080 Pamphilam
481 2997 513 3060 iu
537 2996 664 3061 Graeca
689 2997 802 3062 fabula
833 2997 874 3061 ad
896 2996 1053 3061 Thaidem
1082 2995 1223 3075 duceret,
1250 3002 1283 3060 et
1305 2996 1367 3059 hoc

175 3100 249 3166 loco
273 3105 305 3165 et
328 3099 400 3165 aliis
423 3101 604 3183 parasitum
628 3101 844 3167 substituisse.
963 3121 966 3126 ·

264 3239 354 3323 §la
400 3239 455 3303 De
484 3239 736 3322 fragmentis
768 3239 948 3304 Colacis.
994 3238 1160 3316 Quomodo
1195 3238 1365 3301 Terentius

174 3345 209 3408 in
242 3343 376 3425 singulis
407 3345 532 3422 scaenis
568 3343 642 3408 illas
672 3342 752 3406 duas
782 3341 911 3406 fabulas
943 3342 1227 3418 contaminaverit,
1265 3340 1367 3405 multo

175 3447 306 3510 facilius
330 3451 417 3510 esset
440 3445 635 3524 diiudicatu‚
668 3448 695 3510 si
717 3445 792 3510 illae
816 3445 900 3509 duae
923 3444 1094 3509 Menandri
1122 3443 1254 3508 fabulae
1275 3443 1368 3508 nobis

175 3556 326 3614 servatae
357 3555 474 3614 essent.
519 3549 689 3614 Menandri
718 3555 826 3614 autem
856 3549 1058 3627 comoediae,
1089 3569 1173 3631 quae
1195 3546 1369 3633 Εὗνοῦχος

175 3653 380 3732 inscribitur,
412 3652 492 3717 nibil
524 3654 585 3718 nisi
615 3674 654 3716 ea
676 3673 782 3736 pauca
807 3653 993 3735 fragmenta
1022 3652 1115 3717 nobis
1138 3649 1267 3716 tradita‘
1285 3657 1369 3728 sunt,

176 3779 261 3841 quae
291 3755 479 3821 Theodorus
510 3756 601 3820 Koch
634 3756 669 3841 (l.
693 3778 718 3820 c.
740 3757 800 3840 Ill)
827 3756 966 3838 collegit.
1022 3756 1085 3820 Sed
1112 3754 1281 3820 Menandri
1305 3755 1368 3819 Eu-

175 3860 274 3925 nuchi
298 3867 524 3942 argumentum
547 3859 712 3924 eTerenti
733 3860 846 3924 fabula
862 3859 1009 3923 omnibus
1033 3860 1113 3922 satis
1136 3865 1248 3923 notum
1265 3880 1369 3940 neque

176 3964 352 4029 verisimile
373 3969 423 4027 est
446 3969 577 4045 poetam
592 3963 773 4028 Romanurn
789 3963 958 4027 Menandri
976 3962 1122 4027 Eunuchi
1142 3968 1368 4043 argumentum

175 4070 210 4133 in
232 4067 345 4132 fabula
368 4087 427 4130 sua
449 4067 543 4131 valde
566 4072 799 4143 commutasse,
828 4068 1021 4148 praesertim
1046 4087 1118 4130 cum
1149 4067 1218 4148 ipse
1239 4067 1272 4128 in
1293 4086 1368 4148 pro·

178 4172 254 4253 logo
280 4171 368 4234 dicat
391 4172 432 4254 (v.
457 4169 579 4256 19s20):

544 4315 640 4386 Quom
663 4315 871 4373 1111111111νὶ
893 4331 996 4372 11111111

543 4417 711 4476 Menandri
733 4417 921 4476 Eunuchum.
