3390 5298
669 581 882 644 ..19-

185 752 331 818 modeste
348 757 465 832 amat“‚
489 751 689 835 prohibetur.
731 745 1001 835 Milphio'autem,
1020 739 1374 834 Agorastoclisserrus,
1469 775 1473 782 ’

186 878 258 922 sese
282 861 406 942 „totum
430 855 578 920 lenonem
603 877 674 920 oum
697 860 769 921 tota
790 855 915 920 familia
936 854 1137 920 adulescenti
1157 854 1253 920 hodie
1272 854 1376 920 ἀοιιοιι

184 961 339 1026 daturum
375 980 445 1024 esse
480 963 520 1044 (v.
547 959 697 1045 lochos)
729 958 891 1042 promittit
920 958 1008 1023 hunc
1036 958 1146 1025 dolum
1179 959 1376 1042 excogitans.

185 1063 379 1143 GollabiscO,
410 1063 628 1128 adulescentis
657 1083 749 1128 servo
777 1061 881 1141 vilico,
913 1069 1083 1145 argentum
1114 1062 1255 1143 dabitur,
1290 1062 1377 1146 quod

185 1168 228 1232 ad
254 1169 402 1231 lenonem
433 1167 560 1232 deferat
587 1173 710 1250 petens,
739 1171 776 1231 ut
803 1165 864 1260 sibi
894 1166 1000 1231 locum
1024 1165 1162 1232 liberum
1186 1171 1219 1230 et
1240 1168 1377 1230 amicam

182 1271 353 1355 praebeat.
391 1269 455 1335 Ubi
477 1273 619 1355 primum
644 1272 716 1336 leno
741 1293 813 1336 eum
837 1271 878 1334 ad
901 1292 934 1335 se
955 1271 1125 1354 receperit,
1149 1270 1378 1354 Agorastocles

185 1373 328 1458 rogabit,
351 1396 428 1438 num
445 1395 557 1438 servus
578 1396 654 1438 suus
671 1375 712 1438 ad
734 1374 954 1438 cumvenerit.
991 1373 1162 1453 Lenonem,
1185 1374 1212 1438 si
1235 1372 1377 1456 negabit,

184 1479 378 1543 adulescens
409 1477 585 1557 accusabit,
615 1478 702 1561 quod
725 1477 816 1557 „auri
840 1482 872 1541 et
898 1476 1037 1541 hominis
1061 1481 1113 1541 fur
1140 1478 1200 1541 sit“
1224 1479 1265 1564 (v.
1292 1477 1376 1560 184).

185 1582 269 1646 Tum
293 1587 427 1665 praetor
450 1587 552 1646 totam
577 1582 732 1646 familiam
755 1580 879 1646 lenonis
903 1580 1102 1645 adulescenti
1125 1567 1263 1646 addicet.
1326 1567 1328 1571 ¹

275 1685 336 1764 Qui
361 1685 453 1750 dolus
478 1691 668 1769 peractum
692 1685 831 1769 primurn
856 1690 888 1749 et
908 1685 1042 1749 tertium
1065 1705 1191 1748 summa
1212 1705 1284 1749 cnm
1308 1684 1379 1749 dili·

186 1790 298 1872 gentia
312 1794 540 1872 praeparatur.
573 1788 709 1872 Milphio
720 1787 946 1867 Collahisoum,
963 1809 1057 1871 quem
1070 1788 1136 1852 iam
1150 1787 1379 1872 Agorastocles

185 1891 367 1976 perdocuit,
390 1890 467 1974 quid
491 1893 673 1956 faciendum
691 1898 776 1956 esset
794 1893 835 1974 (v.
855 1893 995 1974 193sq.),
1019 1892 1216 1957 ornamentis
1240 1896 1272 1956 ct
1288 1912 1379 1975 syco-

182 1996 329 2078 phantiis
360 2002 497 2060 exornat
524 1997 565 2078 (v.
588 1997 674 2080 425).
725 1996 952 2078 Agorastocles
982 2003 1090 2059 autem
1119 1994 1188 2059 abit
1218 1995 1246 2077 (Ι
1270 1995 1311 2076 3),
1342 2000 1380 2058 ut

184 2106 288 2163 testes
312 2105 466 2190 arcessat,
491 2100 555 2182 qui,
580 2099 655 2164 dum
678 2100 815 2182 pecunia
838 2099 945 2163 lenoni
967 2098 1118 2177 traditur,
1146 2103 1278 2181 praesto
1304 2098 1378 2177 sint,

185 2209 224 2266 nt
248 2202 402 2268 delictum
426 2224 445 2266 a
468 2203 595 2286 Lycone
626 2203 830 2267 commissum
859 2207 976 2286 postea
1003 2202 1187 2266 testimonio
1211 2223 1269 2267 suo
1293 2201 1381 2285 apud

184 2306 312 2372 indices
336 2305 529 2370 confirmare
552 2308 686 2391 possint.
727 2308 832 2388 Atque
854 2327 890 2370 re
911 2327 989 2370 vera
1011 2307 1178 2371 eonsilium
1195 2305 1381 2388 Milphionis

186 2431 345 2494 prospere
380 2408 554 2475 succedere
589 2411 725 2474 videtur.
780 2409 980 2474 Oollahiscus
1013 2411 1107 2490 enim,
1139 2416 1314 2495 postquam
1347 2408 1381 2472 in

187 2519 266 2577 actu
287 2513 386 2577 tertio
411 2513 565 2592 „basilice
598 2519 792 2578 exornatus‘
816 2512 982 2577 advocatis
1012 2513 1238 2596 praesentibus
1260 2511 1382 2596 Lyconi

185 2617 358 2700 pecuniam
393 2616 540 2695 tradidit,
576 2616 705 2681 domum
743 2616 866 2681 lenonis
905 2617 1016 2680 intrat.
1073 2618 1159 2706 Lyco
1195 2622 1304 2680 autem
1338 2614 1378 2678 ab
1456 2610 1459 2616 ’

189 2720 403 2803 Agorastocle
432 2721 653 2802 interrogatus
684 2727 782 2803 negat
812 2741 846 2785 se
876 2741 1007 2785 servum
1037 2721 1105 2785 eius
1135 2721 1265 2784 domum
1289 2739 1381 2783 suam

185 2825 360 2908 recepisse.
396 2823 473 2888 Cum
499 2829 607 2888 autem
631 2824 781 2888 advocati
804 2825 832 2888 ei
855 2824 1079 2908 persuaserint
1103 2823 1320 2888 Collabiscum
1346 2843 1381 2886 re

187 2951 267 2993 vera
300 2949 428 2992 servum
453 2927 673 3011 Agorastoclis
706 2949 786 3008 esse,
816 2929 943 3012 aufugit
972 2928 1053 2993 haec
1074 2926 1174 2992 verba
1195 2926 1317 2991 faciens
1341 2936 1373 3010 (v

188 3034 359 3117 rorbach
424 3037 513 3096 Nune
534 3037 592 3109 ibo,
616 3037 728 3096 amicos
751 3039 917 3108 consulum,
941 3054 998 3111 quo
1022 3051 1068 3095 me
1090 3037 1177 3096 ruodo

423 3139 620 3214 Suspendere
643 3157 769 3214 aequom
792 3146 938 3200 censeant
954 3141 1164 3214 potissumum.
1265 3205 1267 3212 Α

279 3239 477 3304 Adulescens
511 3246 619 3303 autem
651 3238 693 3303 ah
724 3238 890 3303 advocatis
924 3239 1015 3322 petit,
1051 3261 1071 3302 u
1121 3259 1194 3302 cras
1224 3258 1319 3301 mane
1349 3239 1382 3300 in

190 3344 321 3407 comitio
338 3343 455 3407 adsint.
494 3344 584 3422 Quae
607 3365 680 3407 cum
701 3344 749 3406 ita
772 3343 845 3422 sint,
869 3364 979 3406 omnes
997 3341 1206 3407 difficultates
1233 3341 1382 3406 sublatae

191 3448 352 3526 videntur,
376 3453 412 3510 ut
427 3445 617 3512 adulescens
633 3468 707 3511 mox
723 3447 861 3511 amicam
877 3467 968 3511 suam
990 3446 1142 3529 amplecti
1165 3446 1276 3528 possit.
1318 3446 1381 3510 Sed

190 3551 246 3614 ille
278 3549 370 3615 dolus
403 3572 461 3634 per
492 3556 583 3614 actus
614 3557 786 3633 sequentes
816 3551 1000 3634 neglegitur
1030 3557 1063 3614 et
1094 3549 1229 3632 Milphio
1263 3571 1379 3613 novum

193 3653 362 3718 consilium
380 3676 451 3718 cum
469 3655 672 3718 antecedenti
693 3655 822 3718 minime
840 3654 1017 3718 cohaerens
1034 3654 1206 3735 excogitat,
1230 3658 1266 3717 ut
1282 3674 1384 3717 mere·

193 3758 307 3821 tricem
340 3758 477 3842 Lyconis
505 3757 653 3823 manibus
686 3759 804 3840 eripiat
835 3759 890 3841 (lv
918 3760 957 3841 1).
1006 3758 1250 3840 ASyncerasto
1289 3758 1383 3837 enim,

191 3860 317 3926 lenonis
349 3881 451 3939 servo,
481 3861 602 3925 certior
632 3860 739 3925 factus
769 3860 842 3925 illas
866 3862 946 3926 duas
976 3879 1103 3924 sorores
1131 3861 1289 3944 ingenuas
1313 3865 1405 3925 esse'

194 3971 226 4028 et
249 3963 472 4046 duodeviginti
495 3964 588 4028 minis
605 3969 730 4048 emptas
747 3964 788 4030 ab
806 3967 963 4028 Hannone
980 3964 1087 4028 Poeno
1110 3966 1201 4047 petit,
1226 3970 1263 4029 ut
1282 3964 1384 4046 lingat

192 4069 266 4132 illas
290 4068 372 4133 duas
395 4067 520 4152 puellas
544 4089 613 4132 esse
636 4067 719 4132 filias
742 4090 817 4132 suas
841 4067 1037 4151 Carthagine
1059 4074 1236 4150 surreptas.
1281 4067 1382 4132 Paulo

194 4178 270 4254 post
293 4178 402 4236 autem
419 4179 556 4256 apparet
575 4172 647 4236 illas
664 4172 745 4237 duas
769 4193 896 4237 sorores
913 4194 983 4237 esse
1000 4193 1093 4236 veras
1115 4171 1199 4236 filias
1217 4172 1383 4236 Hannonis

195 4281 229 4338 et
244 4275 488 4358 Agorastoclem
513 4297 583 4340 esse
604 4277 705 4340 filium
729 4275 841 4340 fratris
865 4278 942 4340 eius.
981 4277 1066 4360 Lyco
1086 4274 1235 4339 concedit
1256 4295 1384 4338 sorores

192 4378 346 4462 parvulas
380 4400 451 4443 oum
485 4377 610 4460 nutrice
646 4386 813 4464 surreptas
847 4401 917 4443 esse
948 4387 980 4442 et
1013 4381 1082 4462 ipse
1117 4400 1150 4442 se
1183 4378 1383 4440 adulescenti

191 4483 323 4560 addicit,
347 4484 402 4565 qui
428 4484 489 4546 sibi
514 4483 743 4567 Adelphasium
768 4485 954 4567 despondet.

1143 4585 1175 4638 ρ*
