3390 5298
637 551 853 612 -31..

185 720 265 806 (Ba)
288 725 357 785 Nisi
377 725 449 784 aaut
472 725 561 784 todia
585 726 723 785 attulerit
743 726 829 784 miles
851 725 985 800 quinque
1009 742 1085 800 qaas
1108 726 1197 786 debet
1213 728 1321 800 minas,

185 830 277 890 Sicut
296 831 374 889 tuce
397 834 442 888 est
458 830 648 902 praestituto
670 846 786 889 samma
806 830 834 888 et
859 835 989 903 arpenta
1013 830 1097 888 dies·

185 932 222 992 Si
245 934 280 992 id
298 949 359 992 noa
382 929 498 1003 adfert,
517 947 611 1006 posse
631 933 740 1011 opinor
762 929 871 1002 facere
893 949 939 991 me
960 929 1093 1004 officium
1116 949 1221 993 meam.

240 1032 345 1095 Ballio
367 1031 429 1094 hoc
450 1030 522 1094 loco
539 1031 647 1106 verbis
670 1031 845 1114 perlucidis
869 1031 949 1094 dicit
970 1051 1004 1095 se
1027 1032 1250 1096 tantummodo
1271 1053 1343 1096 cras

147 1135 363 1211 Phoenicium
379 1133 539 1212 Calidoro,
562 1135 589 1198 si
612 1140 781 1217 argentum
796 1133 998 1217 pependerit,
1020 1135 1159 1200 vendere
1181 1135 1214 1199 in
1236 1136 1342 1200 animo

147 1238 285 1303 habere.
330 1237 410 1302 Cras
433 1241 542 1302 autem
571 1237 644 1302 leno
674 1238 744 1302 iure
774 1259 814 1303 ac
843 1238 958 1302 merito
988 1239 1191 1303 meretricem
1215 1239 1343 1304 adules-

147 1343 238 1406 centi
263 1342 401 1406 vendere
431 1346 539 1424 potest
567 1362 672 1424 neque
700 1347 832 1425 pactum
856 1363 928 1406 cum
959 1341 1060 1406 milite
1088 1343 1210 1406 lactum
1233 1342 1342 1421 violat,

147 1446 306 1528 quoniam
329 1446 430 1524 mileS,
460 1444 521 1508 nisi
544 1445 640 1508 hodie
663 1447 805 1528 quinque
828 1445 932 1509 minas
955 1444 1058 1525 solvit,
1089 1445 1174 1509 diem
1199 1445 1342 1510 mulieris

147 1549 309 1614 emendae
332 1549 561 1631 praestitutam
582 1549 811 1631 praetermisit.
1394 1625 1399 1630 ,

238 1654 329 1732 Quae
352 1673 425 1716 cum
447 1653 494 1715 ita
517 1652 590 1734 sint,
620 1652 886 1717 verisimillimum
909 1672 979 1716 esse
1000 1653 1078 1718 mihi
1108 1652 1235 1717 videtur
1259 1653 1342 1718 hanc

146 1776 303 1820 scaenam
332 1757 378 1820 ll
414 1755 571 1819 aPlauto
604 1776 644 1819 ex
676 1755 739 1820 alio
771 1755 948 1842 exemplari
981 1758 1105 1820 Graeco
1139 1755 1343 1839 desumptam

146 1859 312 1924 Pseudolo
341 1861 497 1924 insertam
529 1879 608 1922 esse.
654 1859 746 1937 Quod
779 1865 1004 1942 argumentum
1027 1859 1133 1924 huius
1150 1880 1287 1924 scaenae
1309 1861 1343 1923 in

146 1964 330 2046 exemplari
342 1963 468 2027 Graeco
485 1961 592 2041 luerit,
610 1962 844 2026 verisimilitate
860 1962 1002 2044 quadam
1019 1962 1211 2028 concludere
1227 1984 1341 2046 possu-

148 2088 221 2131 mus
251 2088 291 2131 ex
324 2067 382 2130 his.
428 2065 616 2145 Pseudolus,
648 2073 684 2130 ut
712 2087 812 2149 supra
842 2068 1058 2150 exposuimus,
1088 2068 1251 2150 promittit
1273 2087 1343 2130 sese

147 2170 303 2235 Calidoro
320 2171 433 2253 viginti
457 2169 560 2233 minas
576 2176 838 2252 comparaturum
857 2191 936 2248 esse,
960 2169 1084 2234 scilicet
1099 2175 1135 2235 ut
1153 2169 1343 2234 adulescens

148 2275 289 2338 amicam
321 2293 413 2338 suam
445 2294 465 2336 a
494 2272 608 2337 lenone
640 2272 799 2339 redimere
829 2275 940 2356 possit.
990 2273 1069 2338 Illae
1100 2275 1212 2357 viginti
1236 2274 1344 2339 minae

148 2383 261 2442 autem
284 2376 485 2442 adulescenti
508 2377 683 2440 utilitatem
706 2376 866 2459 praebere
889 2397 953 2441 non
976 2385 1121 2460 possunt,
1145 2378 1205 2442 nisi
1222 2377 1343 2456 rivalis,

150 2502 247 2562 quem
270 2483 461 2566 praevenire
483 2481 537 2545 ille
560 2481 593 2543 in
615 2482 722 2544 animo
739 2479 848 2558 habet,
873 2501 975 2571 usque
991 2480 1032 2543 ad
1053 2481 1086 2544 id
1103 2487 1230 2564 tempus
1245 2502 1343 2564 pecu-

151 2586 238 2648 niam
272 2606 337 2648 non
374 2584 537 2668 pependit.
592 2585 707 2666 ltaque
742 2591 967 2667 argumentum
1006 2583 1102 2649 huius
1140 2605 1277 2648 scaenae
1311 2586 1343 2648 in

151 2689 329 2771 exemplari
354 2688 481 2753 Graeco
504 2687 558 2772 (Β)
582 2687 643 2752 hoc
671 2687 770 2752 luisse
794 2688 940 2770 suspicor
961 2687 1100 2752 Leonem
1126 2694 1159 2752 et
1180 2688 1343 2752 Biermam

150 2797 299 2856 secutus:
334 2813 445 2856 servus
482 2793 593 2856 erilem
626 2789 726 2854 filium
757 2792 946 2874 interrogat,
981 2813 1039 2856 cur
1067 2797 1159 2855 tanto
1196 2813 1343 2856 maerore

150 2893 288 2959 affectus
310 2897 360 2978 sit.
400 2895 596 2959 Adulescens
618 2896 647 2958 ei
671 2893 798 2958 litteras
820 2894 974 2978 legendas
998 2895 1066 2974 dat,
1095 2895 1213 2978 quibus
1237 2897 1343 2960 amica

151 2998 391 3063 adulescentem
423 3000 595 3063 certiorem
627 2999 706 3062 lacit
739 2998 884 3062 lenonem
914 3000 947 3062 in
978 2999 1085 3062 animo
1115 2999 1236 3064 habere
1268 2999 1343 3063 tibi-

151 3103 257 3166 cinam
288 3103 429 3166 ‹livitiori
460 3102 588 3166 cuidam
620 3102 733 3184 viginti
761 3102 857 3165 minis
886 3102 1026 3166 tradere.
1071 3102 1104 3166 Si
1133 3103 1233 3186 igitur
1254 3104 1342 3167 erilis

150 3205 236 3270 lilius
257 3227 298 3270 ne
321 3207 474 3270 meretrix
495 3205 557 3269 sibi
573 3206 730 3288 eripiatur
752 3205 926 3288 prohibere
950 3206 1027 3285 vult,
1051 3227 1148 3288 quam
1172 3207 1340 3271 celerrime

151 3310 264 3392 viginti
296 3311 401 3373 minae
433 3309 539 3373 lenoni
571 3309 743 3373 solvendae
774 3315 877 3372 erunt.
931 3309 1048 3374 Servus
1079 3311 1242 3394 promittit
1272 3331 1342 3374 sese

151 3414 220 3476 erili
251 3412 318 3477 filio
347 3414 459 3495 viginti
491 3413 604 3492 minas,
636 3432 724 3493 quas,
747 3412 820 3476 leno
850 3419 973 3496 poscat,
1003 3413 1231 3496 aliquomodo
1255 3435 1340 3479 com·

152 3522 342 3598 paraturum
367 3538 445 3582 esse.
492 3519 595 3596 Quam
616 3536 766 3580 scaenam
783 3515 918 3581 Plautus
933 3516 1092 3582 Pseudolo
1115 3519 1260 3582 inseruit.
1298 3517 1343 3581 Ut

154 3619 241 3682 illam
273 3620 315 3683 ad
349 3625 574 3703 argumentum
605 3619 756 3683 Pseudoli
790 3621 1060 3700 accommodaret,
1095 3622 1266 3705 epistulam
1301 3621 1342 3686 ab

152 3725 256 3787 amica
285 3725 417 3787 missam
449 3724 666 3788 commutavit.
712 3723 801 3787 Alias
829 3731 938 3788 autem
967 3724 1204 3808 discrepantias
1231 3731 1342 3790 conta·

154 3827 327 3890 minatione
351 3834 440 3891 ortas
463 3847 526 3890 non
551 3828 696 3890 removit.
833 3837 837 3843 '

235 3949 318 4032 §lu
354 3947 408 4011 De
431 3953 551 4010 actus
572 3947 698 4030 primi
722 3967 878 4011 scaena
900 3948 1092 4012 secunda.
1128 3952 1229 4013 Actus
1244 3950 1341 4032 primi

152 4071 268 4114 scaena
285 4050 427 4114 secunda
443 4052 573 4114 ineunte
590 4051 662 4115 leno
683 4051 820 4115 lorarios
837 4058 869 4115 et
884 4053 1073 4115 meretrices
1092 4050 1181 4116 foras
1197 4053 1339 4136 expellit,

151 4154 295 4218 homines
326 4156 489 4236 „ignavos
523 4154 605 4218 male
629 4154 758 4219 habitos
789 4163 821 4218 et
850 4155 941 4218 male
969 4154 1166 4234 conciliatos,
1202 4176 1338 4238 quorum

153 4278 325 4339 numquam
344 4258 517 4340 quicquam
535 4258 709 4339 quoiquam
727 4258 861 4321 venitin
876 4265 1015 4322 mentem
1031 4267 1068 4322 ut
1083 4264 1171 4322 recte
1187 4259 1338 4323 faciant.“

154 4360 274 4424 lleinde
305 4382 395 4425 suum
429 4363 545 4444 cuique
577 4363 739 4444 negotium
772 4362 895 4441 tribuit,
929 4367 965 4427 ut
992 4363 1099 4426 onrrria
1127 4369 1243 4446 parata
1267 4365 1339 4443 siut,

152 4485 221 4529 cum
252 4485 374 4548 coquus
404 4467 526 4547 veniat3
557 4486 631 4530 nam
663 4465 758 4529 hodie
787 4466 855 4529 dies
888 4467 1012 4549 natalis·
1038 4467 1161 4531 lenonis
1189 4473 1247 4546 est,
1276 4487 1339 4550 quo
