3390 5298
797 554 1013 616 ...10-

313 744 441 789 menum
480 724 634 802 evocavit,
674 723 809 788 Plautus
847 729 965 802 autem,
1004 724 1156 806 quoniam
1193 723 1273 790 illud
1308 725 1504 810 colloquium

274 839 283 856 ·
311 829 396 892 inter
413 827 734 911 Periplectomenum,
757 827 959 905 Pleusiclem,
982 828 1237 892 Palaestrionem
1263 829 1409 894 habitum
1428 830 1504 894 huic

312 951 449 995 scaenae
476 931 622 1008 inseruit,
655 930 894 996 adulescentem
928 952 1057 1014 quoque
1090 932 1178 996 exire
1212 938 1310 1015 atque
1343 934 1504 1016 colloquio

312 1036 397 1099 inter
419 1055 546 1099 servum
570 1040 603 1098 et
624 1055 731 1098 senem
755 1035 869 1100 habito
886 1038 1085 1119 (loa-804)
1109 1036 1266 1102 interesse
1289 1037 1393 1101 iussit.
1433 1038 1504 1116 Qua

313 1138 439 1202 ratione
469 1144 566 1221 poeta
595 1144 669 1221 post
697 1159 824 1202 versum
855 1144 917 1204 804
947 1138 1137 1203 Pleusiclem
1171 1161 1337 1204 remouere
1370 1148 1503 1206 coactus

312 1241 385 1306 illos
407 1263 519 1306 versus
542 1243 740 1325 (805-812)
765 1242 804 1306 de
828 1264 885 1307 suo
910 1242 1043 1306 addidit.

398 1350 468 1428 §a
513 1346 570 1409 De
601 1351 720 1410 actus
751 1346 871 1410 tertii
899 1367 1053 1410 scaena
1085 1346 1278 1411 secunda.
1323 1348 1500 1430 Postquam

314 1449 346 1513 in
363 1469 482 1514 scaena
497 1449 576 1516 1111
601 1448 906 1532 Periplectomenus,
930 1449 1114 1528 Pleusicles,
1138 1450 1318 1515 Palaestrio
1344 1450 1503 1516 delibera·

313 1559 438 1633 verunt,
461 1553 539 1634 quid
555 1553 737 1617 faciendum
756 1554 806 1632 sit,
830 1558 866 1618 ut
888 1553 1068 1618 concubina
1089 1553 1183 1618 militi
1199 1574 1237 1618 eo
1261 1554 1312 1619 dio
1336 1555 1503 1638 eripiatur,

312 1656 493 1722 Palaestrio
529 1658 561 1721 iu
592 1678 710 1722 scaena
743 1658 891 1740 sequenti
925 1657 1112 1721 Sceledrum
1147 1663 1268 1723 evocat.
1313 1658 1376 1724 Pro
1411 1679 1503 1724 servo

313 1766 421 1824 autem
452 1760 568 1825 burcio
601 1782 794 1843 suppremus
827 1761 1050 1844 progreditur,
1081 1763 1136 1844 qui
1163 1763 1292 1828 nuntiat
1315 1762 1502 1827 Sceledrum

313 1863 445 1928 calicem
478 1864 657 1928 clanculum
691 1865 739 1928 ita
768 1866 933 1947 tetigisse,
964 1871 1001 1929 ut
1032 1865 1097 1943 „illi
1129 1865 1243 1930 crebro
1274 1867 1380 1949 capite
1411 1866 1503 1930 cadi‘

312 1967 474 2033 sisterent.
519 1967 632 2050 Neque
665 1969 769 2032 minus
800 1969 916 2033 Lurcio
948 1970 1055 2032 vinum
1088 1967 1304 2048 „absorbuit“,
1333 1961 1390 2051 qui
1420 1991 1505 2033 nuuc

312 2072 437 2149 timens,
461 2092 500 2135 ne
523 2070 703 2135 Palaestrio
726 2093 816 2136 erum
840 2093 860 2136 a
882 2072 954 2136 ioro
978 2072 1129 2150 adducat,
1154 2071 1289 2154 aufugit.

399 2177 489 2254 Quae
505 2195 623 2239 scaena
638 2195 742 2257 neque
759 2177 885 2240 scaenis
901 2175 1169 2240 antecedentibus
1184 2182 1383 2258 praeparata
1399 2197 1503 2260 neque

313 2279 438 2343 scaenis
456 2280 666 2361 sequentibus
689 2279 785 2344 ullius
808 2282 959 2345 momenti
985 2285 1043 2344 est.
1090 2280 1185 2344 Dicat
1208 2279 1368 2364 quispiam
1391 2281 1503 2346 Lurci-

313 2403 404 2446 onem
434 2382 662 2447 subcustodem
694 2383 906 2450 amovendum
932 2405 1014 2462 esse,
1048 2403 1086 2448 ne
1110 2383 1380 2448 Philocomasium
1403 2387 1503 2468 impe-

314 2486 432 2565 diatur,
449 2486 620 2569 quominus
633 2507 691 2569 per
706 2489 864 2570 parietem
880 2487 1061 2571 perfossum
1079 2487 1347 2570 Periplectomeni
1372 2487 1501 2553 domum

313 2595 470 2668 transeat,
493 2597 530 2655 ut
550 2589 650 2654 rerba
673 2590 906 2655 Palaestrionis
929 2590 1152 2656 demonstrant
1175 2595 1216 2675 (v.
1240 2596 1443 2677 aot-uoet:

468 2699 558 2758 Modo
581 2699 721 2760 intellexi
745 2717 833 2773 quom
854 2716 919 2759 rem
942 2699 1050 2759 mulier
1072 2701 1224 2775 pesserll:

471 2795 549 2868 Quia
571 2793 738 2854 Sceledrus
760 2797 879 2867 dormit,
902 2797 984 2856 buno
1005 2796 1216 2856 subcustodem
1237 2813 1321 2858 auom

468 2891 567 2950 Foras
590 2890 754 2965 nblepuult,
778 2893 848 2950 dum
872 2891 909 2951 ab
932 2908 967 2950 se
987 2893 1047 2950 luc
1070 2892 1227 2952 transiret.
1245 2894 1360 2966 placet.
1462 2918 1466 2924 ·

401 2988 463 3054 Sed
493 2990 630 3073 primum
654 2989 863 3068 Luroionem,
894 2989 949 3072 qui
978 2991 1011 3054 in
1043 2989 1132 3054 nulla
1162 2989 1223 3054 nisi
1246 2992 1277 3055 in
1301 2991 1362 3055 bac
1384 3012 1502 3056 scaena

316 3092 434 3176 prodit,
461 3093 588 3162 mulieri
610 3093 840 3176 impedimento
862 3114 941 3171 esse,
966 3091 1136 3176 quominus
1158 3094 1191 3156 in
1213 3094 1340 3158 domum
1365 3094 1501 3159 vicinam

313 3196 454 3262 transire
485 3196 605 3279 possit,
635 3217 697 3260 non
729 3198 944 3280 comperimus
974 3197 1035 3260 nisi
1062 3196 1258 3261 subcustode
1280 3198 1345 3262 iam
1368 3205 1502 3276 remoto,

312 3307 349 3364 ut
382 3305 470 3364 recte
503 3299 701 3364 Schmidtius
734 3300 766 3386 (l.
795 3323 821 3366 c.
850 3324 880 3384 p.
909 3305 971 3366 380
994 3301 1055 3384 sq.)
1090 3300 1331 3366 demonstravit.
1377 3300 1499 3365 Deinde

313 3424 418 3486 neque
442 3403 618 3468 Pleusicles
641 3426 746 3488 neque
770 3404 949 3470 Palaestrio
986 3408 1017 3470 in
1039 3405 1085 3469 Ill
1112 3411 1124 3468 1
1152 3403 1388 3483 deliberantes,
1422 3425 1500 3484 quo-

313 3507 409 3573 modo
425 3508 693 3574 Philocomasium
717 3508 909 3574 abducenda
932 3511 982 3586 sit,
1007 3509 1185 3592 respiciunt
1200 3508 1390 3572 Lurcionem
1415 3529 1501 3575 amo-

313 3611 451 3676 vendum
478 3633 557 3676 esse.
599 3613 679 3676 Tum
703 3613 820 3678 Luraio
841 3614 1003 3678 meretrici
1026 3613 1255 3696 impedimento
1279 3614 1408 3676 omnino
1432 3633 1502 3676 esse

313 3737 376 3780 non
392 3722 509 3800 potest,
534 3718 684 3798 quoniam
702 3717 878 3780 secundum
899 3738 1010 3781 versus
1038 3718 1167 3802 llollsl
1196 3717 1314 3780 nemini
1335 3716 1403 3780 eius
1428 3736 1501 3780 oon·

314 3819 403 3884 clave
419 3819 545 3900 ingredi
567 3820 652 3884 licet.
691 3820 857 3884 Postremo
870 3821 987 3886 Lurcic
1014 3841 1077 3884 non
1101 3841 1121 3884 a
1145 3819 1278 3884 muliere
1302 3818 1390 3884 foras
1414 3817 1501 3884 able·

315 3930 408 4006 gatus
436 3923 577 4004 aufugit,
609 3923 664 3988 sed
689 3924 774 4006 quod
798 3925 906 4002 timet,
937 3947 976 3988 ne
1000 3945 1074 3988 erus
1098 3924 1225 3988 domum
1251 3923 1372 3988 redeat.
1418 3922 1501 3988 Nam

314 4048 408 4091 versu
432 4032 493 4091 858
517 4027 696 4092 Palaestrio
721 4028 878 4092 minatur:

413 4135 479 4194 Iam
504 4137 608 4194 llercle
630 4152 685 4210 epo
708 4153 791 4195 erant
816 4137 968 4196 adducam
990 4155 1009 4197 a
1032 4135 1113 4208 sor0.

312 4233 439 4302 Deinde
463 4234 579 4298 burcio
604 4255 712 4298 secum
734 4235 894 4300 deliberat
917 4241 957 4317 (v.
983 4237 1184 4318 859-861);

413 4343 515 4402 Perii:
534 4343 733 4408 ,eucrulct'ubt't
755 4361 801 4402 rac
825 4361 906 4414 erus,
932 4347 1048 4404 dolitura
1072 4346 1099 4402 el
1120 4344 1251 4416 uerterit,

419 4440 510 4510 (luam
532 4439 610 4498 laneo
630 4437 717 4510 sactu
739 4440 836 4510 scibit,
860 4442 932 4514 quia
954 4439 1012 4498 sibl
1034 4457 1094 4498 nort
1119 4439 1260 4498 urserint.

414 4531 542 4608 Puplum
565 4535 669 4594 barole
691 4537 793 4608 ulique
817 4544 907 4609 utque
929 4537 986 4596 boc
1008 4536 1038 4594 ln
1061 4535 1137 4594 diens
1161 4536 1303 4594 extollam
1324 4537 1442 4596 atulam.
1554 4591 1559 4600 ,
