<?xml version="1.0" encoding="UTF-8"?>
<!DOCTYPE html PUBLIC "-//W3C//DTD XHTML 1.0 Transitional//EN"
    "http://www.w3.org/TR/xhtml1/DTD/xhtml1-transitional.dtd">
<html xmlns="http://www.w3.org/1999/xhtml" xml:lang="en" lang="en">
 <head>
  <title>
</title>
<meta http-equiv="Content-Type" content="text/html;charset=utf-8" />
  <meta name='ocr-system' content='tesseract 3.04.00' />
  <meta name='ocr-capabilities' content='ocr_page ocr_carea ocr_par ocr_line ocrx_word'/>
</head>
<body>
  <div class='ocr_page' id='page_1' title='image "./decontamination00waltgoog_0019.png"; bbox 0 0 3390 5298; ppageno 0'>
   <div class='ocr_carea' id='block_1_1' title="bbox 766 556 984 617">
    <p class='ocr_par' dir='ltr' id='par_1_1' title="bbox 766 556 984 617">
     <span class='ocr_line' id='line_1_1' title="bbox 766 556 984 617; baseline 0 -16"><span class='ocrx_word' id='word_1_1' title='bbox 766 556 984 617; x_wconf 78' lang='lat'>..14-</span> 
     </span>
    </p>
   </div>
   <div class='ocr_carea' id='block_1_2' title="bbox 277 721 1588 1332">
    <p class='ocr_par' dir='ltr' id='par_1_2' title="bbox 277 721 1588 1332">
     <span class='ocr_line' id='line_1_2' title="bbox 366 721 1472 809; baseline -0.002 -20"><span class='ocrx_word' id='word_1_2' title='bbox 366 724 439 790; x_wconf 88' lang='lat' dir='ltr'>Huc</span> <span class='ocrx_word' id='word_1_3' title='bbox 468 723 596 791; x_wconf 87' lang='lat' dir='ltr'>aceedit</span> <span class='ocrx_word' id='word_1_4' title='bbox 624 723 713 790; x_wconf 86' lang='lat' dir='ltr'>aliud</span> <span class='ocrx_word' id='word_1_5' title='bbox 747 729 983 809; x_wconf 80' lang='lat' dir='ltr'>argumentum,</span> <span class='ocrx_word' id='word_1_6' title='bbox 1020 723 1106 807; x_wconf 91' lang='lat' dir='ltr'>quod</span> <span class='ocrx_word' id='word_1_7' title='bbox 1133 723 1199 789; x_wconf 91' lang='lat' dir='ltr'>Leo</span> <span class='ocrx_word' id='word_1_8' title='bbox 1229 725 1262 808; x_wconf 84' lang='lat' dir='ltr'>(l.</span> <span class='ocrx_word' id='word_1_9' title='bbox 1287 743 1313 787; x_wconf 89' lang='lat' dir='ltr'>c.</span> <span class='ocrx_word' id='word_1_10' title='bbox 1340 744 1371 806; x_wconf 90' lang='lat' dir='ltr'>p.</span> <span class='ocrx_word' id='word_1_11' title='bbox 1397 721 1472 807; x_wconf 82' lang='grc'>164)</span> 
     </span>
     <span class='ocr_line' id='line_1_3' title="bbox 279 824 1588 913; baseline -0.003 -20"><span class='ocrx_word' id='word_1_12' title='bbox 279 827 417 913; x_wconf 87' lang='lat' dir='ltr'>protulit</span> <span class='ocrx_word' id='word_1_13' title='bbox 439 827 610 894; x_wconf 86' lang='lat' dir='ltr'>Schmidtii</span> <span class='ocrx_word' id='word_1_14' title='bbox 632 829 813 893; x_wconf 89' lang='lat' dir='ltr'>sententiae</span> <span class='ocrx_word' id='word_1_15' title='bbox 834 828 886 893; x_wconf 92' lang='lat' dir='ltr'>his</span> <span class='ocrx_word' id='word_1_16' title='bbox 908 826 1016 893; x_wconf 85' lang='lat' dir='ltr'>verbis</span> <span class='ocrx_word' id='word_1_17' title='bbox 1045 848 1246 912; x_wconf 80' lang='lat' dir='ltr'>repugnans:</span> <span class='ocrx_word' id='word_1_18' title='bbox 1280 825 1387 907; x_wconf 87' lang='lat' dir='ltr'>„Aber</span> <span class='ocrx_word' id='word_1_19' title='bbox 1411 824 1472 891; x_wconf 93' lang='lat' dir='ltr'>soll</span> <span class='ocrx_word' id='word_1_20' title='bbox 1582 833 1588 840; x_wconf 81' lang='grc'><strong>“</strong></span> 
     </span>
     <span class='ocr_line' id='line_1_4' title="bbox 278 930 1473 1016; baseline -0.004 -19"><span class='ocrx_word' id='word_1_21' title='bbox 278 953 354 997; x_wconf 88' lang='lat' dir='ltr'>man</span> <span class='ocrx_word' id='word_1_22' title='bbox 383 952 484 1016; x_wconf 79' lang='lat' dir='ltr'>gagen</span> <span class='ocrx_word' id='word_1_23' title='bbox 514 931 585 997; x_wconf 89' lang='lat' dir='ltr'>eine</span> <span class='ocrx_word' id='word_1_24' title='bbox 607 930 717 997; x_wconf 86' lang='lat' dir='ltr'>soiohe</span> <span class='ocrx_word' id='word_1_25' title='bbox 739 931 892 998; x_wconf 75' lang='lat' dir='ltr'>Athetese</span> <span class='ocrx_word' id='word_1_26' title='bbox 916 931 1000 997; x_wconf 88' lang='lat' dir='ltr'>noch</span> <span class='ocrx_word' id='word_1_27' title='bbox 1022 931 1155 997; x_wconf 86' lang='lat' dir='ltr'>Griiude</span> <span class='ocrx_word' id='word_1_28' title='bbox 1178 930 1360 996; x_wconf 76' lang='lat' dir='ltr'>auiiihren?</span> <span class='ocrx_word' id='word_1_29' title='bbox 1406 930 1473 994; x_wconf 91' lang='lat' dir='ltr'>Der</span> 
     </span>
     <span class='ocr_line' id='line_1_5' title="bbox 278 1033 1473 1119; baseline -0.002 -19"><span class='ocrx_word' id='word_1_30' title='bbox 278 1036 350 1101; x_wconf 90' lang='lat' dir='ltr'>sine</span> <span class='ocrx_word' id='word_1_31' title='bbox 373 1035 478 1101; x_wconf 87' lang='lat' dir='ltr'>reicht</span> <span class='ocrx_word' id='word_1_32' title='bbox 506 1055 574 1115; x_wconf 92' lang='lat' dir='ltr'>aus,</span> <span class='ocrx_word' id='word_1_33' title='bbox 606 1034 682 1101; x_wconf 87' lang='lat' dir='ltr'>dass</span> <span class='ocrx_word' id='word_1_34' title='bbox 712 1035 771 1100; x_wconf 89' lang='lat' dir='ltr'>das</span> <span class='ocrx_word' id='word_1_35' title='bbox 801 1034 902 1100; x_wconf 83' lang='lat' dir='ltr'>Stiick</span> <span class='ocrx_word' id='word_1_36' title='bbox 925 1035 1176 1119; x_wconf 85' lang='lat' dir='ltr'>Dittographieu</span> <span class='ocrx_word' id='word_1_37' title='bbox 1203 1034 1271 1113; x_wconf 90' lang='lat' dir='ltr'>hat,</span> <span class='ocrx_word' id='word_1_38' title='bbox 1299 1033 1369 1099; x_wconf 87' lang='lat' dir='ltr'>also</span> <span class='ocrx_word' id='word_1_39' title='bbox 1399 1054 1473 1098; x_wconf 84' lang='lat' dir='ltr'>zum</span> 
     </span>
     <span class='ocr_line' id='line_1_6' title="bbox 277 1138 1472 1224; baseline -0.002 -20"><span class='ocrx_word' id='word_1_40' title='bbox 277 1139 367 1205; x_wconf 88' lang='lat' dir='ltr'>alten</span> <span class='ocrx_word' id='word_1_41' title='bbox 391 1139 555 1205; x_wconf 89' lang='lat' dir='ltr'>Bestande</span> <span class='ocrx_word' id='word_1_42' title='bbox 585 1139 730 1223; x_wconf 80' lang='lat' dir='ltr'>gebbrt.“</span> <span class='ocrx_word' id='word_1_43' title='bbox 780 1139 1028 1224; x_wconf 82' lang='lat' dir='ltr'>Dittographias</span> <span class='ocrx_word' id='word_1_44' title='bbox 1056 1141 1139 1205; x_wconf 90' lang='lat' dir='ltr'>enim</span> <span class='ocrx_word' id='word_1_45' title='bbox 1168 1138 1353 1217; x_wconf 89' lang='lat' dir='ltr'>Plautinas,</span> <span class='ocrx_word' id='word_1_46' title='bbox 1387 1157 1472 1220; x_wconf 87' lang='lat' dir='ltr'>quae</span> 
     </span>
     <span class='ocr_line' id='line_1_7' title="bbox 278 1241 1471 1332; baseline 0 -26"><span class='ocrx_word' id='word_1_47' title='bbox 278 1243 311 1307; x_wconf 90' lang='lat' dir='ltr'>in</span> <span class='ocrx_word' id='word_1_48' title='bbox 340 1243 404 1308; x_wconf 83' lang='lat' dir='ltr'>hae</span> <span class='ocrx_word' id='word_1_49' title='bbox 434 1263 563 1326; x_wconf 87' lang='lat' dir='ltr'>quoque</span> <span class='ocrx_word' id='word_1_50' title='bbox 595 1263 714 1307; x_wconf 81' lang='lat' dir='ltr'>scaena</span> <span class='ocrx_word' id='word_1_51' title='bbox 741 1244 949 1308; x_wconf 85' lang='lat' dir='ltr'>inveniuntur</span> <span class='ocrx_word' id='word_1_52' title='bbox 983 1243 1086 1332; x_wconf 74' lang='lat' dir='ltr'>(uelut</span> <span class='ocrx_word' id='word_1_53' title='bbox 1121 1265 1148 1308; x_wconf 83' lang='lat' dir='ltr'>v.</span> <span class='ocrx_word' id='word_1_54' title='bbox 1171 1241 1471 1328; x_wconf 75' lang='lat' dir='ltr'>642-666l6681);</span> 
     </span>
    </p>
   </div>
   <div class='ocr_carea' id='block_1_3' title="bbox 277 1345 1558 3922">
    <p class='ocr_par' dir='ltr' id='par_1_3' title="bbox 277 1345 1471 1724">
     <span class='ocr_line' id='line_1_8' title="bbox 277 1345 1471 1431; baseline -0.002 -20"><span class='ocrx_word' id='word_1_55' title='bbox 277 1368 305 1412; x_wconf 84' lang='lat' dir='ltr'>v.</span> <span class='ocrx_word' id='word_1_56' title='bbox 330 1351 573 1429; x_wconf 62' lang='lat' dir='ltr'>‘libam-723</span> <span class='ocrx_word' id='word_1_57' title='bbox 591 1367 637 1429; x_wconf 88' lang='lat' dir='ltr'>sq.</span> <span class='ocrx_word' id='word_1_58' title='bbox 648 1346 675 1430; x_wconf 76' lang='grc'>2)</span> <span class='ocrx_word' id='word_1_59' title='bbox 696 1345 795 1431; x_wconf 90' lang='lat' dir='ltr'>paulo</span> <span class='ocrx_word' id='word_1_60' title='bbox 820 1353 894 1430; x_wconf 89' lang='lat' dir='ltr'>post</span> <span class='ocrx_word' id='word_1_61' title='bbox 916 1351 1054 1413; x_wconf 91' lang='lat' dir='ltr'>mortem</span> <span class='ocrx_word' id='word_1_62' title='bbox 1071 1346 1179 1412; x_wconf 87' lang='lat' dir='ltr'>Plauti</span> <span class='ocrx_word' id='word_1_63' title='bbox 1201 1352 1291 1411; x_wconf 87' lang='lat' dir='ltr'>ortas</span> <span class='ocrx_word' id='word_1_64' title='bbox 1312 1365 1384 1410; x_wconf 91' lang='lat' dir='ltr'>esse</span> <span class='ocrx_word' id='word_1_65' title='bbox 1406 1345 1471 1409; x_wconf 90' lang='lat' dir='ltr'>iam</span> 
     </span>
     <span class='ocr_line' id='line_1_9' title="bbox 278 1448 1471 1535; baseline -0.001 -20"><span class='ocrx_word' id='word_1_66' title='bbox 278 1449 467 1533; x_wconf 71' lang='lat' dir='ltr'>Goetzius3)</span> <span class='ocrx_word' id='word_1_67' title='bbox 489 1450 669 1514; x_wconf 89' lang='lat' dir='ltr'>rectissime</span> <span class='ocrx_word' id='word_1_68' title='bbox 693 1451 851 1535; x_wconf 82' lang='lat' dir='ltr'><strong>exposuit.</strong></span> <span class='ocrx_word' id='word_1_69' title='bbox 897 1451 1013 1533; x_wconf 87' lang='lat' dir='ltr'>Itaque</span> <span class='ocrx_word' id='word_1_70' title='bbox 1036 1450 1302 1516; x_wconf 83' lang='lat' dir='ltr'>verisimillimum</span> <span class='ocrx_word' id='word_1_71' title='bbox 1325 1453 1375 1513; x_wconf 88' lang='lat' dir='ltr'>est</span> <span class='ocrx_word' id='word_1_72' title='bbox 1397 1448 1471 1514; x_wconf 90' lang='lat' dir='ltr'>illos</span> 
     </span>
     <span class='ocr_line' id='line_1_10' title="bbox 279 1551 1471 1638; baseline -0.003 -20"><span class='ocrx_word' id='word_1_73' title='bbox 279 1574 392 1618; x_wconf 80' lang='lat' dir='ltr'>uersus</span> <span class='ocrx_word' id='word_1_74' title='bbox 422 1554 521 1637; x_wconf 89' lang='lat' dir='ltr'>ipsos,</span> <span class='ocrx_word' id='word_1_75' title='bbox 553 1554 610 1637; x_wconf 91' lang='lat' dir='ltr'>qui</span> <span class='ocrx_word' id='word_1_76' title='bbox 638 1553 869 1638; x_wconf 79' lang='lat' dir='ltr'>dittographiis</span> <span class='ocrx_word' id='word_1_77' title='bbox 899 1560 1066 1637; x_wconf 79' lang='lat' dir='ltr'>tamquam</span> <span class='ocrx_word' id='word_1_78' title='bbox 1095 1553 1306 1619; x_wconf 84' lang='lat' dir='ltr'>fundamento</span> <span class='ocrx_word' id='word_1_79' title='bbox 1330 1551 1471 1632; x_wconf 86' lang='lat' dir='ltr'>fuerunt,</span> 
     </span>
     <span class='ocr_line' id='line_1_11' title="bbox 278 1656 649 1724; baseline -0.003 -2"><span class='ocrx_word' id='word_1_80' title='bbox 278 1677 354 1722; x_wconf 82' lang='lat' dir='ltr'>vere</span> <span class='ocrx_word' id='word_1_81' title='bbox 376 1656 545 1722; x_wconf 89' lang='lat' dir='ltr'>Plautinos</span> <span class='ocrx_word' id='word_1_82' title='bbox 568 1678 649 1724; x_wconf 87' lang='lat' dir='ltr'>esse.</span> 
     </span>
    </p>

    <p class='ocr_par' dir='ltr' id='par_1_4' title="bbox 279 1759 1473 2674">
     <span class='ocr_line' id='line_1_12' title="bbox 367 1759 1471 1846; baseline 0 -21"><span class='ocrx_word' id='word_1_83' title='bbox 367 1759 418 1825; x_wconf 90' lang='lat' dir='ltr'>Me</span> <span class='ocrx_word' id='word_1_84' title='bbox 433 1760 563 1844; x_wconf 90' lang='lat' dir='ltr'>quidem</span> <span class='ocrx_word' id='word_1_85' title='bbox 579 1761 688 1826; x_wconf 91' lang='lat' dir='ltr'>iudice</span> <span class='ocrx_word' id='word_1_86' title='bbox 704 1761 838 1826; x_wconf 88' lang='lat' dir='ltr'>Plautus</span> <span class='ocrx_word' id='word_1_87' title='bbox 853 1763 923 1845; x_wconf 88' lang='lat' dir='ltr'>ipse</span> <span class='ocrx_word' id='word_1_88' title='bbox 939 1783 1051 1827; x_wconf 87' lang='lat' dir='ltr'>versus</span> <span class='ocrx_word' id='word_1_89' title='bbox 1068 1766 1237 1827; x_wconf 79' lang='grc'><strong>612-765</strong></span> <span class='ocrx_word' id='word_1_90' title='bbox 1257 1783 1297 1827; x_wconf 86' lang='lat' dir='ltr'>ex</span> <span class='ocrx_word' id='word_1_91' title='bbox 1313 1781 1471 1846; x_wconf 90' lang='lat' dir='ltr'>anonymo</span> 
     </span>
     <span class='ocr_line' id='line_1_13' title="bbox 281 1863 1472 1949; baseline 0 -21"><span class='ocrx_word' id='word_1_92' title='bbox 281 1863 459 1949; x_wconf 88' lang='lat' dir='ltr'>exemplari</span> <span class='ocrx_word' id='word_1_93' title='bbox 482 1863 608 1930; x_wconf 89' lang='lat' dir='ltr'>Graeco</span> <span class='ocrx_word' id='word_1_94' title='bbox 630 1864 684 1949; x_wconf 84' lang='lat' dir='ltr'>(B)</span> <span class='ocrx_word' id='word_1_95' title='bbox 708 1865 895 1948; x_wconf 89' lang='lat' dir='ltr'>desumptos</span> <span class='ocrx_word' id='word_1_96' title='bbox 922 1867 954 1929; x_wconf 93' lang='lat' dir='ltr'>in</span> <span class='ocrx_word' id='word_1_97' title='bbox 977 1865 1114 1930; x_wconf 88' lang='lat' dir='ltr'>Militem</span> <span class='ocrx_word' id='word_1_98' title='bbox 1145 1865 1321 1948; x_wconf 85' lang='lat' dir='ltr'>gloriosum</span> <span class='ocrx_word' id='word_1_99' title='bbox 1344 1864 1472 1929; x_wconf 83' lang='lat' dir='ltr'>videtur</span> 
     </span>
     <span class='ocr_line' id='line_1_14' title="bbox 279 1966 1471 2034; baseline 0.001 -4"><span class='ocrx_word' id='word_1_100' title='bbox 279 1966 451 2032; x_wconf 83' lang='lat' dir='ltr'>immisisse</span> <span class='ocrx_word' id='word_1_101' title='bbox 473 1966 525 2032; x_wconf 93' lang='lat' dir='ltr'>his</span> <span class='ocrx_word' id='word_1_102' title='bbox 547 1967 587 2033; x_wconf 93' lang='lat' dir='ltr'>de</span> <span class='ocrx_word' id='word_1_103' title='bbox 611 1969 726 2033; x_wconf 91' lang='lat' dir='ltr'>causis.</span> <span class='ocrx_word' id='word_1_104' title='bbox 772 1968 913 2033; x_wconf 88' lang='lat' dir='ltr'>Primum</span> <span class='ocrx_word' id='word_1_105' title='bbox 941 1971 1024 2033; x_wconf 86' lang='lat' dir='ltr'>enim</span> <span class='ocrx_word' id='word_1_106' title='bbox 1055 1968 1261 2034; x_wconf 87' lang='lat' dir='ltr'>statuendum</span> <span class='ocrx_word' id='word_1_107' title='bbox 1291 1974 1340 2032; x_wconf 90' lang='lat' dir='ltr'>est</span> <span class='ocrx_word' id='word_1_108' title='bbox 1359 1989 1471 2033; x_wconf 83' lang='lat' dir='ltr'>versus</span> 
     </span>
     <span class='ocr_line' id='line_1_15' title="bbox 280 2071 1471 2155; baseline -0.001 -19"><span class='ocrx_word' id='word_1_109' title='bbox 280 2071 399 2153; x_wconf 84' lang='lat' dir='ltr'>612sq.</span> <span class='ocrx_word' id='word_1_110' title='bbox 430 2071 551 2155; x_wconf 92' lang='lat' dir='ltr'>optime</span> <span class='ocrx_word' id='word_1_111' title='bbox 583 2071 625 2136; x_wconf 89' lang='lat' dir='ltr'>ad</span> <span class='ocrx_word' id='word_1_112' title='bbox 655 2071 751 2136; x_wconf 87' lang='lat' dir='ltr'>finem</span> <span class='ocrx_word' id='word_1_113' title='bbox 780 2079 873 2136; x_wconf 88' lang='lat' dir='ltr'>actus</span> <span class='ocrx_word' id='word_1_114' title='bbox 905 2073 1038 2137; x_wconf 88' lang='lat' dir='ltr'>secundi</span> <span class='ocrx_word' id='word_1_115' title='bbox 1069 2072 1242 2155; x_wconf 87' lang='lat' dir='ltr'>quadrare.</span> <span class='ocrx_word' id='word_1_116' title='bbox 1294 2071 1471 2154; x_wconf 88' lang='lat' dir='ltr'>Postquam</span> 
     </span>
     <span class='ocr_line' id='line_1_16' title="bbox 279 2172 1471 2258; baseline 0.003 -21"><span class='ocrx_word' id='word_1_117' title='bbox 279 2172 576 2258; x_wconf 88' lang='lat' dir='ltr'>Periplectomenus</span> <span class='ocrx_word' id='word_1_118' title='bbox 592 2174 721 2240; x_wconf 91' lang='lat' dir='ltr'>domum</span> <span class='ocrx_word' id='word_1_119' title='bbox 738 2175 843 2255; x_wconf 84' lang='lat' dir='ltr'>rediit,</span> <span class='ocrx_word' id='word_1_120' title='bbox 867 2182 903 2241; x_wconf 89' lang='lat' dir='ltr'>ut</span> <span class='ocrx_word' id='word_1_121' title='bbox 921 2183 1054 2242; x_wconf 90' lang='lat' dir='ltr'>senatus</span> <span class='ocrx_word' id='word_1_122' title='bbox 1070 2174 1255 2256; x_wconf 71' lang='lat' dir='ltr'>haberetur,</span> <span class='ocrx_word' id='word_1_123' title='bbox 1280 2174 1471 2252; x_wconf 87' lang='lat' dir='ltr'>Palaestrio,</span> 
     </span>
     <span class='ocr_line' id='line_1_17' title="bbox 281 2277 1472 2362; baseline 0.003 -21"><span class='ocrx_word' id='word_1_124' title='bbox 281 2277 587 2360; x_wconf 88' lang='lat' dir='ltr'>Periplectomenus,</span> <span class='ocrx_word' id='word_1_125' title='bbox 619 2278 794 2344; x_wconf 89' lang='lat' dir='ltr'>Pleusicles</span> <span class='ocrx_word' id='word_1_126' title='bbox 823 2280 967 2345; x_wconf 85' lang='lat' dir='ltr'>dicentes</span> <span class='ocrx_word' id='word_1_127' title='bbox 996 2301 1030 2344; x_wconf 95' lang='lat' dir='ltr'>se</span> <span class='ocrx_word' id='word_1_128' title='bbox 1061 2280 1173 2344; x_wconf 88' lang='lat' dir='ltr'>eodem</span> <span class='ocrx_word' id='word_1_129' title='bbox 1199 2279 1350 2359; x_wconf 82' lang='lat' dir='ltr'>oonsilio,</span> <span class='ocrx_word' id='word_1_130' title='bbox 1385 2278 1472 2362; x_wconf 91' lang='lat' dir='ltr'>quod</span> 
     </span>
     <span class='ocr_line' id='line_1_18' title="bbox 280 2381 1470 2466; baseline 0.002 -22"><span class='ocrx_word' id='word_1_131' title='bbox 280 2381 368 2446; x_wconf 87' lang='lat' dir='ltr'>intus</span> <span class='ocrx_word' id='word_1_132' title='bbox 383 2381 533 2446; x_wconf 88' lang='lat' dir='ltr'>meditati</span> <span class='ocrx_word' id='word_1_133' title='bbox 548 2387 631 2461; x_wconf 87' lang='lat' dir='ltr'>sunt,</span> <span class='ocrx_word' id='word_1_134' title='bbox 654 2403 722 2447; x_wconf 90' lang='lat' dir='ltr'>rem</span> <span class='ocrx_word' id='word_1_135' title='bbox 739 2388 888 2465; x_wconf 84' lang='lat' dir='ltr'>gesturos</span> <span class='ocrx_word' id='word_1_136' title='bbox 905 2403 974 2448; x_wconf 90' lang='lat' dir='ltr'>esse</span> <span class='ocrx_word' id='word_1_137' title='bbox 999 2390 1126 2448; x_wconf 84' lang='lat' dir='ltr'>exeunt.</span> <span class='ocrx_word' id='word_1_138' title='bbox 1160 2384 1276 2466; x_wconf 87' lang='lat' dir='ltr'>Itaque</span> <span class='ocrx_word' id='word_1_139' title='bbox 1292 2383 1470 2448; x_wconf 84' lang='lat' dir='ltr'>rectissime</span> 
     </span>
     <span class='ocr_line' id='line_1_19' title="bbox 280 2484 1473 2571; baseline 0.001 -23"><span class='ocrx_word' id='word_1_140' title='bbox 280 2484 346 2548; x_wconf 91' lang='lat' dir='ltr'>Leo</span> <span class='ocrx_word' id='word_1_141' title='bbox 369 2484 403 2568; x_wconf 85' lang='lat' dir='ltr'>(l.</span> <span class='ocrx_word' id='word_1_142' title='bbox 427 2504 453 2549; x_wconf 90' lang='lat' dir='ltr'>c.</span> <span class='ocrx_word' id='word_1_143' title='bbox 476 2507 506 2568; x_wconf 91' lang='lat' dir='ltr'>p.</span> <span class='ocrx_word' id='word_1_144' title='bbox 534 2487 606 2571; x_wconf 78' lang='lat' dir='ltr'>loo)</span> <span class='ocrx_word' id='word_1_145' title='bbox 634 2485 707 2550; x_wconf 89' lang='lat' dir='ltr'>illos</span> <span class='ocrx_word' id='word_1_146' title='bbox 735 2507 847 2552; x_wconf 84' lang='lat' dir='ltr'>versus</span> <span class='ocrx_word' id='word_1_147' title='bbox 877 2489 1076 2571; x_wconf 76' lang='lat' dir='ltr'>(cla-765)</span> <span class='ocrx_word' id='word_1_148' title='bbox 1106 2487 1139 2550; x_wconf 93' lang='lat' dir='ltr'>in</span> <span class='ocrx_word' id='word_1_149' title='bbox 1168 2486 1346 2570; x_wconf 86' lang='lat' dir='ltr'>exemplari</span> <span class='ocrx_word' id='word_1_150' title='bbox 1368 2485 1403 2565; x_wconf 92' lang='lat' dir='ltr'>B,</span> <span class='ocrx_word' id='word_1_151' title='bbox 1432 2506 1473 2549; x_wconf 86' lang='lat' dir='ltr'>ex</span> 
     </span>
     <span class='ocr_line' id='line_1_20' title="bbox 283 2587 1400 2674; baseline 0.002 -23"><span class='ocrx_word' id='word_1_152' title='bbox 283 2608 346 2670; x_wconf 90' lang='lat' dir='ltr'>qno</span> <span class='ocrx_word' id='word_1_153' title='bbox 369 2587 504 2654; x_wconf 87' lang='lat' dir='ltr'>Plautus</span> <span class='ocrx_word' id='word_1_154' title='bbox 527 2609 582 2653; x_wconf 92' lang='lat' dir='ltr'>eos</span> <span class='ocrx_word' id='word_1_155' title='bbox 606 2588 793 2672; x_wconf 88' lang='lat' dir='ltr'>desumpsit,</span> <span class='ocrx_word' id='word_1_156' title='bbox 817 2611 945 2654; x_wconf 82' lang='lat' dir='ltr'>versum</span> <span class='ocrx_word' id='word_1_157' title='bbox 970 2595 1182 2656; x_wconf 71' lang='lat' dir='ltr'>otiosecutos</span> <span class='ocrx_word' id='word_1_158' title='bbox 1204 2611 1274 2655; x_wconf 89' lang='lat' dir='ltr'>esse</span> <span class='ocrx_word' id='word_1_159' title='bbox 1295 2595 1400 2674; x_wconf 90' lang='lat' dir='ltr'>putat.</span> 
     </span>
    </p>

    <p class='ocr_par' dir='ltr' id='par_1_5' title="bbox 281 2691 1558 3922">
     <span class='ocr_line' id='line_1_21' title="bbox 368 2691 1472 2758; baseline 0 -2"><span class='ocrx_word' id='word_1_160' title='bbox 368 2692 417 2756; x_wconf 84' lang='lat' dir='ltr'>Ab</span> <span class='ocrx_word' id='word_1_161' title='bbox 447 2691 503 2756; x_wconf 91' lang='lat' dir='ltr'>illa</span> <span class='ocrx_word' id='word_1_162' title='bbox 534 2693 695 2758; x_wconf 87' lang='lat' dir='ltr'>sententia</span> <span class='ocrx_word' id='word_1_163' title='bbox 725 2692 762 2756; x_wconf 77' lang='lat' dir='ltr'>F..</span> <span class='ocrx_word' id='word_1_164' title='bbox 786 2693 983 2758; x_wconf 86' lang='lat' dir='ltr'>Schmidtius</span> <span class='ocrx_word' id='word_1_165' title='bbox 1017 2692 1172 2758; x_wconf 89' lang='lat' dir='ltr'>abhorret</span> <span class='ocrx_word' id='word_1_166' title='bbox 1205 2692 1352 2758; x_wconf 89' lang='lat' dir='ltr'>iudicans</span> <span class='ocrx_word' id='word_1_167' title='bbox 1383 2693 1472 2758; x_wconf 90' lang='lat' dir='ltr'>Peri·</span> 
     </span>
     <span class='ocr_line' id='line_1_22' title="bbox 281 2795 1473 2880; baseline 0.002 -22"><span class='ocrx_word' id='word_1_168' title='bbox 281 2795 529 2880; x_wconf 88' lang='lat' dir='ltr'>plectomenum‚</span> <span class='ocrx_word' id='word_1_169' title='bbox 549 2816 644 2878; x_wconf 91' lang='lat' dir='ltr'>quem</span> <span class='ocrx_word' id='word_1_170' title='bbox 667 2795 730 2861; x_wconf 90' lang='lat' dir='ltr'>hac</span> <span class='ocrx_word' id='word_1_171' title='bbox 752 2798 785 2860; x_wconf 90' lang='lat' dir='ltr'>in</span> <span class='ocrx_word' id='word_1_172' title='bbox 802 2818 920 2862; x_wconf 88' lang='lat' dir='ltr'>scaena</span> <span class='ocrx_word' id='word_1_173' title='bbox 944 2797 1132 2876; x_wconf 86' lang='lat' dir='ltr'>invenimus,</span> <span class='ocrx_word' id='word_1_174' title='bbox 1157 2797 1328 2861; x_wconf 87' lang='lat' dir='ltr'>dissentire</span> <span class='ocrx_word' id='word_1_175' title='bbox 1350 2796 1473 2862; x_wconf 89' lang='lat' dir='ltr'>aPeri·</span> 
     </span>
     <span class='ocr_line' id='line_1_23' title="bbox 281 2899 1473 2982; baseline 0.002 -20"><span class='ocrx_word' id='word_1_176' title='bbox 281 2899 494 2982; x_wconf 89' lang='lat' dir='ltr'>plectomeno,</span> <span class='ocrx_word' id='word_1_177' title='bbox 518 2901 573 2982; x_wconf 94' lang='lat' dir='ltr'>qui</span> <span class='ocrx_word' id='word_1_178' title='bbox 596 2899 669 2964; x_wconf 89' lang='lat' dir='ltr'>aliis</span> <span class='ocrx_word' id='word_1_179' title='bbox 692 2900 725 2963; x_wconf 90' lang='lat' dir='ltr'>in</span> <span class='ocrx_word' id='word_1_180' title='bbox 749 2901 873 2965; x_wconf 87' lang='lat' dir='ltr'>scaenis</span> <span class='ocrx_word' id='word_1_181' title='bbox 898 2906 955 2966; x_wconf 90' lang='lat' dir='ltr'>est.</span> <span class='ocrx_word' id='word_1_182' title='bbox 999 2900 1058 2965; x_wconf 92' lang='lat' dir='ltr'>llle</span> <span class='ocrx_word' id='word_1_183' title='bbox 1078 2900 1126 2964; x_wconf 86' lang='lat' dir='ltr'>vir</span> <span class='ocrx_word' id='word_1_184' title='bbox 1149 2899 1264 2965; x_wconf 88' lang='lat' dir='ltr'>doetus</span> <span class='ocrx_word' id='word_1_185' title='bbox 1282 2899 1417 2966; x_wconf 86' lang='lat' dir='ltr'>offendit</span> <span class='ocrx_word' id='word_1_186' title='bbox 1439 2901 1473 2964; x_wconf 93' lang='lat' dir='ltr'>in</span> 
     </span>
     <span class='ocr_line' id='line_1_24' title="bbox 283 3003 1473 3089; baseline 0 -22"><span class='ocrx_word' id='word_1_187' title='bbox 283 3023 330 3082; x_wconf 87' lang='lat' dir='ltr'>eo,</span> <span class='ocrx_word' id='word_1_188' title='bbox 354 3003 440 3085; x_wconf 90' lang='lat' dir='ltr'>quod</span> <span class='ocrx_word' id='word_1_189' title='bbox 463 3023 570 3083; x_wconf 87' lang='lat' dir='ltr'>senex,</span> <span class='ocrx_word' id='word_1_190' title='bbox 593 3004 648 3086; x_wconf 91' lang='lat' dir='ltr'>qui</span> <span class='ocrx_word' id='word_1_191' title='bbox 665 3004 850 3069; x_wconf 87' lang='lat' dir='ltr'>comitatem</span> <span class='ocrx_word' id='word_1_192' title='bbox 866 3025 957 3069; x_wconf 87' lang='lat' dir='ltr'>suam</span> <span class='ocrx_word' id='word_1_193' title='bbox 975 3011 1008 3068; x_wconf 91' lang='lat' dir='ltr'>et</span> <span class='ocrx_word' id='word_1_194' title='bbox 1023 3004 1243 3069; x_wconf 85' lang='lat' dir='ltr'>urbanitatem</span> <span class='ocrx_word' id='word_1_195' title='bbox 1261 3004 1473 3089; x_wconf 83' lang='lat' dir='ltr'>praedicavit,</span> 
     </span>
     <span class='ocr_line' id='line_1_25' title="bbox 282 3107 1473 3191; baseline 0 -19"><span class='ocrx_word' id='word_1_196' title='bbox 282 3107 429 3172; x_wconf 80' lang='lat' dir='ltr'>versibus</span> <span class='ocrx_word' id='word_1_197' title='bbox 460 3111 521 3172; x_wconf 79' lang='lat'>672</span> <span class='ocrx_word' id='word_1_198' title='bbox 539 3128 585 3190; x_wconf 90' lang='lat' dir='ltr'>sq.</span> <span class='ocrx_word' id='word_1_199' title='bbox 609 3113 760 3190; x_wconf 87' lang='lat' dir='ltr'>exponat,</span> <span class='ocrx_word' id='word_1_200' title='bbox 798 3114 920 3191; x_wconf 89' lang='lat' dir='ltr'>quanto</span> <span class='ocrx_word' id='word_1_201' title='bbox 950 3107 1153 3173; x_wconf 90' lang='lat' dir='ltr'>incommodo</span> <span class='ocrx_word' id='word_1_202' title='bbox 1184 3109 1234 3187; x_wconf 86' lang='lat' dir='ltr'>sit,</span> <span class='ocrx_word' id='word_1_203' title='bbox 1267 3109 1293 3172; x_wconf 89' lang='lat' dir='ltr'>si</span> <span class='ocrx_word' id='word_1_204' title='bbox 1325 3109 1397 3190; x_wconf 90' lang='lat' dir='ltr'>quis</span> <span class='ocrx_word' id='word_1_205' title='bbox 1421 3128 1473 3172; x_wconf 92' lang='lat' dir='ltr'>oo·</span> 
     </span>
     <span class='ocr_line' id='line_1_26' title="bbox 282 3210 1473 3294; baseline 0 -19"><span class='ocrx_word' id='word_1_206' title='bbox 282 3210 416 3275; x_wconf 89' lang='lat' dir='ltr'>nubium</span> <span class='ocrx_word' id='word_1_207' title='bbox 439 3210 556 3290; x_wconf 87' lang='lat' dir='ltr'>inierit,</span> <span class='ocrx_word' id='word_1_208' title='bbox 580 3230 777 3294; x_wconf 88' lang='lat' dir='ltr'>quamquam</span> <span class='ocrx_word' id='word_1_209' title='bbox 800 3210 992 3276; x_wconf 87' lang='lat' dir='ltr'>Pleusiclem</span> <span class='ocrx_word' id='word_1_210' title='bbox 1012 3211 1283 3275; x_wconf 89' lang='lat' dir='ltr'>Philocomasium</span> <span class='ocrx_word' id='word_1_211' title='bbox 1306 3213 1339 3274; x_wconf 94' lang='lat' dir='ltr'>iu</span> <span class='ocrx_word' id='word_1_212' title='bbox 1362 3211 1473 3275; x_wconf 88' lang='lat' dir='ltr'>matri-</span> 
     </span>
     <span class='ocr_line' id='line_1_27' title="bbox 283 3313 1474 3405; baseline 0 -27"><span class='ocrx_word' id='word_1_213' title='bbox 283 3315 425 3379; x_wconf 83' lang='lat' dir='ltr'>monium</span> <span class='ocrx_word' id='word_1_214' title='bbox 463 3313 635 3379; x_wconf 89' lang='lat' dir='ltr'>ducturum</span> <span class='ocrx_word' id='word_1_215' title='bbox 672 3335 743 3379; x_wconf 87' lang='lat' dir='ltr'>esse</span> <span class='ocrx_word' id='word_1_216' title='bbox 778 3335 841 3379; x_wconf 92' lang='lat' dir='ltr'>non</span> <span class='ocrx_word' id='word_1_217' title='bbox 878 3315 1086 3398; x_wconf 77' lang='lat' dir='ltr'>ignoraverit.</span> <span class='ocrx_word' id='word_1_218' title='bbox 1143 3314 1206 3379; x_wconf 88' lang='lat' dir='ltr'>Sed</span> <span class='ocrx_word' id='word_1_219' title='bbox 1239 3335 1312 3405; x_wconf 85' lang='lat' dir='ltr'>mea</span> <span class='ocrx_word' id='word_1_220' title='bbox 1344 3314 1474 3396; x_wconf 91' lang='lat' dir='ltr'>quidem</span> 
     </span>
     <span class='ocr_line' id='line_1_28' title="bbox 285 3418 1476 3484; baseline 0 -2"><span class='ocrx_word' id='word_1_221' title='bbox 285 3420 446 3482; x_wconf 88' lang='lat' dir='ltr'>sententia</span> <span class='ocrx_word' id='word_1_222' title='bbox 469 3418 660 3483; x_wconf 88' lang='lat' dir='ltr'>adulescens</span> <span class='ocrx_word' id='word_1_223' title='bbox 676 3418 805 3484; x_wconf 88' lang='lat' dir='ltr'>omuino</span> <span class='ocrx_word' id='word_1_224' title='bbox 829 3439 893 3482; x_wconf 93' lang='lat' dir='ltr'>uon</span> <span class='ocrx_word' id='word_1_225' title='bbox 909 3419 941 3483; x_wconf 92' lang='lat' dir='ltr'>in</span> <span class='ocrx_word' id='word_1_226' title='bbox 958 3420 1065 3484; x_wconf 90' lang='lat' dir='ltr'>animo</span> <span class='ocrx_word' id='word_1_227' title='bbox 1087 3418 1188 3484; x_wconf 88' lang='lat' dir='ltr'>babet</span> <span class='ocrx_word' id='word_1_228' title='bbox 1203 3418 1476 3483; x_wconf 88' lang='lat' dir='ltr'>Philocomasium</span> 
     </span>
     <span class='ocr_line' id='line_1_29' title="bbox 282 3521 1475 3605; baseline 0.002 -20"><span class='ocrx_word' id='word_1_229' title='bbox 282 3523 315 3586; x_wconf 93' lang='lat' dir='ltr'>in</span> <span class='ocrx_word' id='word_1_230' title='bbox 338 3522 578 3586; x_wconf 87' lang='lat' dir='ltr'>matrimonium</span> <span class='ocrx_word' id='word_1_231' title='bbox 603 3521 730 3586; x_wconf 89' lang='lat' dir='ltr'>ducere.</span> <span class='ocrx_word' id='word_1_232' title='bbox 777 3525 985 3605; x_wconf 85' lang='lat' dir='ltr'>Argumenta,</span> <span class='ocrx_word' id='word_1_233' title='bbox 1008 3543 1093 3605; x_wconf 88' lang='lat' dir='ltr'>quae</span> <span class='ocrx_word' id='word_1_234' title='bbox 1116 3521 1314 3588; x_wconf 80' lang='lat' dir='ltr'>Schmidtius</span> <span class='ocrx_word' id='word_1_235' title='bbox 1338 3523 1379 3587; x_wconf 90' lang='lat' dir='ltr'>ad</span> <span class='ocrx_word' id='word_1_236' title='bbox 1403 3543 1475 3587; x_wconf 89' lang='lat' dir='ltr'>sen·</span> 
     </span>
     <span class='ocr_line' id='line_1_30' title="bbox 283 3624 1473 3710; baseline 0.001 -21"><span class='ocrx_word' id='word_1_237' title='bbox 283 3626 418 3690; x_wconf 90' lang='lat' dir='ltr'>tentiam</span> <span class='ocrx_word' id='word_1_238' title='bbox 441 3645 533 3690; x_wconf 87' lang='lat' dir='ltr'>suam</span> <span class='ocrx_word' id='word_1_239' title='bbox 557 3624 811 3691; x_wconf 89' lang='lat' dir='ltr'>confirmandam</span> <span class='ocrx_word' id='word_1_240' title='bbox 828 3627 939 3691; x_wconf 87' lang='lat' dir='ltr'>attulit</span> <span class='ocrx_word' id='word_1_241' title='bbox 960 3627 1089 3690; x_wconf 88' lang='lat' dir='ltr'>minime</span> <span class='ocrx_word' id='word_1_242' title='bbox 1108 3626 1293 3710; x_wconf 89' lang='lat' dir='ltr'>probabilia</span> <span class='ocrx_word' id='word_1_243' title='bbox 1309 3648 1379 3692; x_wconf 91' lang='lat' dir='ltr'>esse</span> <span class='ocrx_word' id='word_1_244' title='bbox 1394 3627 1473 3690; x_wconf 94' lang='lat' dir='ltr'>mibi</span> 
     </span>
     <span class='ocr_line' id='line_1_31' title="bbox 282 3728 1474 3814; baseline 0 -21"><span class='ocrx_word' id='word_1_245' title='bbox 282 3728 447 3810; x_wconf 72' lang='lat' dir='ltr'>videntur,</span> <span class='ocrx_word' id='word_1_246' title='bbox 477 3749 552 3794; x_wconf 91' lang='lat' dir='ltr'>nam</span> <span class='ocrx_word' id='word_1_247' title='bbox 581 3730 720 3814; x_wconf 90' lang='lat' dir='ltr'>primum</span> <span class='ocrx_word' id='word_1_248' title='bbox 744 3731 777 3794; x_wconf 94' lang='lat' dir='ltr'>in</span> <span class='ocrx_word' id='word_1_249' title='bbox 801 3731 950 3795; x_wconf 90' lang='lat' dir='ltr'>omnibus</span> <span class='ocrx_word' id='word_1_250' title='bbox 973 3729 1102 3809; x_wconf 90' lang='lat' dir='ltr'>fabulis,</span> <span class='ocrx_word' id='word_1_251' title='bbox 1134 3731 1161 3794; x_wconf 89' lang='lat' dir='ltr'>si</span> <span class='ocrx_word' id='word_1_252' title='bbox 1184 3732 1256 3812; x_wconf 93' lang='lat' dir='ltr'>quis</span> <span class='ocrx_word' id='word_1_253' title='bbox 1278 3731 1421 3812; x_wconf 89' lang='lat' dir='ltr'>puellam</span> <span class='ocrx_word' id='word_1_254' title='bbox 1441 3732 1474 3793; x_wconf 91' lang='lat' dir='ltr'>in</span> 
     </span>
     <span class='ocr_line' id='line_1_32' title="bbox 284 3832 1558 3922; baseline 0.002 -27"><span class='ocrx_word' id='word_1_255' title='bbox 284 3833 524 3898; x_wconf 89' lang='lat' dir='ltr'>matrimonium</span> <span class='ocrx_word' id='word_1_256' title='bbox 553 3832 709 3899; x_wconf 89' lang='lat' dir='ltr'>ducturus</span> <span class='ocrx_word' id='word_1_257' title='bbox 738 3843 797 3913; x_wconf 87' lang='lat' dir='ltr'>est,</span> <span class='ocrx_word' id='word_1_258' title='bbox 832 3833 894 3899; x_wconf 88' lang='lat' dir='ltr'>hoo</span> <span class='ocrx_word' id='word_1_259' title='bbox 925 3834 964 3898; x_wconf 91' lang='lat' dir='ltr'>de</span> <span class='ocrx_word' id='word_1_260' title='bbox 995 3833 1129 3898; x_wconf 87' lang='lat' dir='ltr'>oonsilio</span> <span class='ocrx_word' id='word_1_261' title='bbox 1159 3835 1265 3900; x_wconf 88' lang='lat' dir='ltr'>verbis</span> <span class='ocrx_word' id='word_1_262' title='bbox 1297 3835 1475 3917; x_wconf 80' lang='lat' dir='ltr'>perlucidis</span> <span class='ocrx_word' id='word_1_263' title='bbox 1555 3915 1558 3922; x_wconf 21' lang='grc' dir='ltr'>Ι</span> 
     </span>
    </p>
   </div>
   <div class='ocr_carea' id='block_1_4' title="bbox 284 3973 441 3980">
    <p class='ocr_par' dir='ltr' id='par_1_6' title="bbox 284 3973 441 3980">
     <span class='ocr_line' id='line_1_33' title="bbox 284 3973 441 3980; baseline 0 0"><span class='ocrx_word' id='word_1_264' title='bbox 284 3973 416 3980; x_wconf 77' lang='lat'><em>-——-..——-.</em></span> <span class='ocrx_word' id='word_1_265' title='bbox 428 3975 441 3980; x_wconf 85' lang='grc'>.-</span> 
     </span>
    </p>
   </div>
   <div class='ocr_carea' id='block_1_5' title="bbox 284 4037 1475 4544">
    <p class='ocr_par' dir='ltr' id='par_1_7' title="bbox 284 4037 1475 4195">
     <span class='ocr_line' id='line_1_34' title="bbox 370 4037 1475 4109; baseline 0.003 -18"><span class='ocrx_word' id='word_1_266' title='bbox 370 4041 396 4106; x_wconf 75' lang='lat'>1&gt;</span> <span class='ocrx_word' id='word_1_267' title='bbox 417 4037 458 4092; x_wconf 82' lang='lat' dir='ltr'>cf.</span> <span class='ocrx_word' id='word_1_268' title='bbox 477 4039 509 4092; x_wconf 83' lang='lat'>0.</span> <span class='ocrx_word' id='word_1_269' title='bbox 528 4039 708 4094; x_wconf 88' lang='lat' dir='ltr'>Ribbeck:</span> <span class='ocrx_word' id='word_1_270' title='bbox 729 4040 800 4095; x_wconf 85' lang='lat' dir='ltr'>Mus.</span> <span class='ocrx_word' id='word_1_271' title='bbox 814 4041 902 4095; x_wconf 88' lang='lat' dir='ltr'>Rhen.</span> <span class='ocrx_word' id='word_1_272' title='bbox 917 4040 979 4094; x_wconf 89' lang='lat' dir='ltr'>XII</span> <span class='ocrx_word' id='word_1_273' title='bbox 997 4059 1024 4109; x_wconf 90' lang='lat' dir='ltr'>p.</span> <span class='ocrx_word' id='word_1_274' title='bbox 1037 4043 1088 4094; x_wconf 77' lang='lat'>598</span> <span class='ocrx_word' id='word_1_275' title='bbox 1100 4058 1157 4109; x_wconf 87' lang='lat' dir='ltr'>sq.;</span> <span class='ocrx_word' id='word_1_276' title='bbox 1176 4040 1319 4094; x_wconf 81' lang='lat' dir='ltr'>Lorenz</span> <span class='ocrx_word' id='word_1_277' title='bbox 1337 4044 1355 4095; x_wconf 89' lang='lat' dir='ltr'>l.</span> <span class='ocrx_word' id='word_1_278' title='bbox 1375 4059 1399 4096; x_wconf 89' lang='lat' dir='ltr'>o.</span> <span class='ocrx_word' id='word_1_279' title='bbox 1412 4043 1475 4095; x_wconf 87' lang='lat' dir='ltr'>adn.</span> 
     </span>
     <span class='ocr_line' id='line_1_35' title="bbox 284 4125 1041 4195; baseline 0.004 -17"><span class='ocrx_word' id='word_1_280' title='bbox 284 4126 346 4179; x_wconf 89' lang='lat' dir='ltr'>crit.</span> <span class='ocrx_word' id='word_1_281' title='bbox 364 4125 399 4178; x_wconf 91' lang='lat' dir='ltr'>ad</span> <span class='ocrx_word' id='word_1_282' title='bbox 417 4143 441 4179; x_wconf 88' lang='lat' dir='ltr'>v.</span> <span class='ocrx_word' id='word_1_283' title='bbox 461 4127 592 4195; x_wconf 75' lang='lat' dir='ltr'>c66s6683</span> <span class='ocrx_word' id='word_1_284' title='bbox 611 4125 705 4179; x_wconf 86' lang='lat' dir='ltr'>Brix</span> <span class='ocrx_word' id='word_1_285' title='bbox 723 4128 740 4179; x_wconf 90' lang='lat' dir='ltr'>l.</span> <span class='ocrx_word' id='word_1_286' title='bbox 760 4145 783 4180; x_wconf 92' lang='lat' dir='ltr'>c.</span> <span class='ocrx_word' id='word_1_287' title='bbox 803 4128 864 4182; x_wconf 91' lang='lat' dir='ltr'>adn.</span> <span class='ocrx_word' id='word_1_288' title='bbox 884 4127 919 4181; x_wconf 86' lang='lat' dir='ltr'>ad</span> <span class='ocrx_word' id='word_1_289' title='bbox 937 4146 962 4182; x_wconf 84' lang='lat' dir='ltr'>v.</span> <span class='ocrx_word' id='word_1_290' title='bbox 981 4128 1041 4181; x_wconf 74' lang='lat'><strong>672.</strong></span> 
     </span>
    </p>

    <p class='ocr_par' dir='ltr' id='par_1_8' title="bbox 284 4210 1475 4354">
     <span class='ocr_line' id='line_1_36' title="bbox 368 4210 1475 4282; baseline 0.005 -20"><span class='ocrx_word' id='word_1_291' title='bbox 368 4212 397 4278; x_wconf 81' lang='lat'>2)</span> <span class='ocrx_word' id='word_1_292' title='bbox 416 4212 457 4266; x_wconf 84' lang='lat' dir='ltr'>Oi.</span> <span class='ocrx_word' id='word_1_293' title='bbox 477 4210 508 4266; x_wconf 93' lang='grc' dir='ltr'>Ο.</span> <span class='ocrx_word' id='word_1_294' title='bbox 528 4211 699 4266; x_wconf 84' lang='lat' dir='ltr'>Ribbeck</span> <span class='ocrx_word' id='word_1_295' title='bbox 717 4214 733 4266; x_wconf 92' lang='lat' dir='ltr'>l.</span> <span class='ocrx_word' id='word_1_296' title='bbox 753 4231 777 4267; x_wconf 88' lang='lat' dir='ltr'>o.</span> <span class='ocrx_word' id='word_1_297' title='bbox 797 4232 823 4282; x_wconf 93' lang='lat' dir='ltr'>p.</span> <span class='ocrx_word' id='word_1_298' title='bbox 837 4215 902 4282; x_wconf 74' lang='lat' dir='ltr'>aas,</span> <span class='ocrx_word' id='word_1_299' title='bbox 922 4213 1063 4268; x_wconf 85' lang='lat' dir='ltr'>Lorenz</span> <span class='ocrx_word' id='word_1_300' title='bbox 1082 4215 1099 4268; x_wconf 93' lang='lat' dir='ltr'>l.</span> <span class='ocrx_word' id='word_1_301' title='bbox 1119 4231 1142 4268; x_wconf 89' lang='lat' dir='ltr'>e.</span> <span class='ocrx_word' id='word_1_302' title='bbox 1162 4215 1224 4268; x_wconf 88' lang='lat' dir='ltr'>adn.</span> <span class='ocrx_word' id='word_1_303' title='bbox 1245 4216 1305 4269; x_wconf 89' lang='lat' dir='ltr'>erit.</span> <span class='ocrx_word' id='word_1_304' title='bbox 1319 4215 1354 4268; x_wconf 90' lang='lat' dir='ltr'>ad</span> <span class='ocrx_word' id='word_1_305' title='bbox 1371 4233 1397 4269; x_wconf 84' lang='lat' dir='ltr'>v.</span> <span class='ocrx_word' id='word_1_306' title='bbox 1409 4217 1475 4282; x_wconf 78' lang='lat'>7233</span> 
     </span>
     <span class='ocr_line' id='line_1_37' title="bbox 284 4284 1160 4354; baseline 0.009 -5"><span class='ocrx_word' id='word_1_307' title='bbox 284 4297 374 4349; x_wconf 85' lang='lat' dir='ltr'>Brix</span> <span class='ocrx_word' id='word_1_308' title='bbox 392 4299 409 4350; x_wconf 88' lang='lat'>1.</span> <span class='ocrx_word' id='word_1_309' title='bbox 429 4314 452 4351; x_wconf 88' lang='lat' dir='ltr'>o.</span> <span class='ocrx_word' id='word_1_310' title='bbox 472 4298 534 4352; x_wconf 87' lang='lat' dir='ltr'>adn.</span> <span class='ocrx_word' id='word_1_311' title='bbox 554 4299 615 4352; x_wconf 88' lang='lat' dir='ltr'>orit.</span> <span class='ocrx_word' id='word_1_312' title='bbox 635 4300 670 4352; x_wconf 87' lang='lat' dir='ltr'>ad</span> <span class='ocrx_word' id='word_1_313' title='bbox 687 4318 712 4353; x_wconf 87' lang='lat' dir='ltr'>v.</span> <span class='ocrx_word' id='word_1_314' title='bbox 725 4302 784 4354; x_wconf 82' lang='lat'><strong>723.</strong></span> <span class='ocrx_word' id='word_1_315' title='bbox 1156 4284 1160 4291; x_wconf 31' lang='grc' dir='ltr'>Ι</span> 
     </span>
    </p>

    <p class='ocr_par' dir='ltr' id='par_1_9' title="bbox 284 4383 1475 4544">
     <span class='ocr_line' id='line_1_38' title="bbox 370 4383 1475 4456; baseline 0.003 -19"><span class='ocrx_word' id='word_1_316' title='bbox 370 4386 397 4452; x_wconf 85' lang='grc'>3)</span> <span class='ocrx_word' id='word_1_317' title='bbox 421 4383 453 4438; x_wconf 77' lang='lat' dir='ltr'>G.</span> <span class='ocrx_word' id='word_1_318' title='bbox 474 4384 600 4438; x_wconf 83' lang='lat' dir='ltr'>Goetz:</span> <span class='ocrx_word' id='word_1_319' title='bbox 631 4385 848 4456; x_wconf 71' lang='lat' dir='ltr'>Dittographien</span> <span class='ocrx_word' id='word_1_320' title='bbox 874 4388 911 4439; x_wconf 81' lang='lat' dir='ltr'>inu</span> <span class='ocrx_word' id='word_1_321' title='bbox 938 4388 1128 4443; x_wconf 86' lang='lat' dir='ltr'>Plautustexte</span> <span class='ocrx_word' id='word_1_322' title='bbox 1153 4391 1235 4443; x_wconf 84' lang='lat' dir='ltr'>nebat</span> <span class='ocrx_word' id='word_1_323' title='bbox 1262 4389 1475 4443; x_wconf 88' lang='lat' dir='ltr'>methodisohen</span> 
     </span>
     <span class='ocr_line' id='line_1_39' title="bbox 284 4470 1112 4544; baseline 0.004 -17"><span class='ocrx_word' id='word_1_324' title='bbox 284 4470 485 4540; x_wconf 74' lang='lat' dir='ltr'>Folgerungeu,</span> <span class='ocrx_word' id='word_1_325' title='bbox 504 4477 566 4525; x_wconf 86' lang='lat' dir='ltr'>aeta</span> <span class='ocrx_word' id='word_1_326' title='bbox 585 4489 641 4526; x_wconf 87' lang='lat' dir='ltr'>soc.</span> <span class='ocrx_word' id='word_1_327' title='bbox 660 4473 727 4542; x_wconf 89' lang='lat' dir='ltr'>phil.</span> <span class='ocrx_word' id='word_1_328' title='bbox 747 4472 823 4542; x_wconf 80' lang='lat' dir='ltr'>Lips.</span> <span class='ocrx_word' id='word_1_329' title='bbox 845 4472 886 4527; x_wconf 83' lang='lat' dir='ltr'>VI</span> <span class='ocrx_word' id='word_1_330' title='bbox 905 4477 995 4543; x_wconf 73' lang='lat'>(1876)</span> <span class='ocrx_word' id='word_1_331' title='bbox 1013 4494 1040 4544; x_wconf 94' lang='lat' dir='ltr'>p.</span> <span class='ocrx_word' id='word_1_332' title='bbox 1053 4477 1112 4530; x_wconf 71' lang='lat'><strong>267.</strong></span> 
     </span>
    </p>
   </div>
   <div class='ocr_carea' id='block_1_6' title="bbox 0 0 1706 5298">
    <p class='ocr_par' dir='ltr' id='par_1_10' title="bbox 0 0 1706 5298">
     <span class='ocr_line' id='line_1_40' title="bbox 0 0 1706 5298; baseline 0 0"><span class='ocrx_word' id='word_1_333' title='bbox 0 0 1706 5298; x_wconf 95' lang='lat' dir='ltr'> </span> 
     </span>
    </p>
   </div>
  </div>
 </body>
</html>
