3390 5298
682 571 895 632 ...ss5-

197 761 313 804 versus
329 744 456 805 44-63
479 740 665 805 aTerentio
688 742 768 824 ipse,
791 746 827 806 ut
849 740 911 803 hoc
926 738 1021 803 modo
1036 738 1093 802 illa
1109 737 1173 802 duo
1188 737 1388 821 exemplaria

194 842 327 908 Graeca
359 845 591 924 commisceret,
626 844 755 910 additos
791 865 861 911 esse
896 843 1054 909 existimo
1106 843 1196 921 Quae
1227 843 1389 906 sententia

192 946 405 1012 confirmatur
430 948 550 1012 Donati
574 947 784 1013 adnotatione
805 947 847 1030 ad
870 969 997 1012 versum
1015 952 1072 1012 50:
1095 951 1146 1010 tic
1167 967 1280 1026 maqua
1302 948 1389 1013 olue-

189 1057 292 1138 nupia
317 1062 372 1128 esi,
405 1074 467 1131 qua
495 1057 655 1116 Terentius
671 1063 852 1132 praeparat
874 1056 1123 1131 quemadmodum
1151 1055 1285 1130 iurqium
1308 1055 1390 1113 imer

196 1161 345 1220 Thaidem
368 1162 549 1235 militemque
571 1167 600 1220 et
618 1161 804 1221 auctionem
822 1177 885 1235 per
901 1162 979 1220 duas
996 1164 1109 1233 paries
1123 1164 1233 1233 serpat
1251 1156 1387 1229 subulae.

276 1259 457 1325 Difficilius
488 1266 537 1324 est
566 1260 745 1324 diiudicatu
768 1260 808 1325 de
838 1280 956 1324 scaena
978 1259 1071 1336 1112,
1100 1259 1134 1323 in
1164 1279 1229 1340 qua
1257 1263 1389 1340 praeter

193 1364 393 1428 Thrasonem
417 1368 449 1428 et
476 1363 679 1428 Gnathonem
711 1364 819 1442 Thais,
851 1363 1021 1442 Parmeno,
1055 1362 1188 1447 Pythias
1216 1360 1387 1444 prodeunt.
1469 1385 1471 1389 ’

193 1467 289 1531 Initio
318 1466 416 1532 huius
453 1487 590 1532 scaenae
617 1467 715 1532 Thais
753 1467 847 1532 militi
878 1468 1000 1550 gratias
1030 1467 1099 1549 agit
1128 1487 1187 1548 pro
1217 1463 1388 1547 Pamphila

195 1570 324 1634 donata.
371 1571 432 1650 Qui
454 1592 566 1635 versus
589 1571 701 1655 (1-5)
723 1571 835 1636 eadem
864 1570 904 1635 de
935 1591 1034 1635 causa
1064 1590 1130 1652 qua
1152 1589 1263 1634 versus
1295 1569 1387 1647 1111,

196 1680 280 1738 1-4
304 1674 357 1758 (cf.
377 1697 407 1758 p.
422 1677 477 1758 64)
500 1675 650 1740 Terentio
673 1674 845 1740 addicendi
871 1679 954 1740 sunt.
999 1674 1158 1762 Versuum
1183 1672 1387 1755 sequentium

194 1780 329 1863 (6-40)
353 1779 534 1861 exemplum
556 1777 654 1843 fuisse
676 1779 765 1843 illam
789 1799 939 1844 scaenam
963 1777 1121 1856 Eunuchi,
1145 1798 1210 1860 qua
1225 1777 1385 1841 Parmeno

193 1881 313 1946 Thaidi
328 1882 506 1946 Chaeream
523 1888 612 1946 veste
635 1883 774 1948 eunuchi
794 1883 943 1947 indutum
960 1889 993 1946 et
1008 1903 1134 1946 servam
1153 1881 1387 1963 Aethiopicam,

194 1987 282 2050 dona
296 1985 488 2064 Phaedriae,
508 1986 619 2065 tradit,
634 2007 694 2069 pro
711 1994 800 2050 certo
817 1986 1002 2050 habendum
1019 1994 1076 2050 est.
1115 1984 1262 2050 Sermoni
1277 1991 1386 2047 autem

193 2110 306 2154 eorum
330 2089 488 2152 intererat
510 2088 621 2153 militis
644 2111 755 2154 servus
779 2091 886 2154 iussus
908 2091 1111 2154 meretricem
1140 2089 1182 2152 ad
1197 2077 1385 2152 ¹convivium

192 2193 367 2257 adducere.
413 2193 515 2271 Quam
546 2193 648 2258 libere
671 2193 841 2258 Terentius
872 2193 1112 2276 exemplaribus
1143 2192 1278 2256 Graecis
1310 2211 1387 2254 usus

192 2297 239 2360 sit
272 2301 305 2360 et
335 2317 400 2377 quo
435 2295 530 2360 modo
564 2296 675 2362 militis
705 2318 878 2380 personam
913 2319 984 2361 cum
1016 2301 1207 2380 argumento
1238 2294 1387 2359 Eunuchi

193 2399 446 2479 commiscuerit,
469 2421 508 2464 ex
530 2400 592 2465 hac
615 2421 734 2466 scaena
755 2403 880 2484 optime¹
896 2421 1090 2484 cognoscere
1113 2421 1293 2483 possumus.
1340 2397 1388 2461 Ea

192 2502 306 2582 verba,
338 2523 422 2584 quae
452 2503 486 2566 in
518 2502 645 2568 Graeca
670 2504 826 2569 Eunucho
859 2525 970 2568 servus
1003 2505 1114 2568 militis
1148 2504 1235 2583 fecit,
1267 2503 1388 2586 partim

193 2606 302 2685 militi,
326 2607 445 2688 partim
470 2608 616 2691 parasito
640 2607 765 2672 tribuit.
810 2607 985 2672 Praeterea
1006 2613 1113 2672 autem
1132 2612 1231 2691 poeta
1253 2607 1388 2670 Latinus

191 2709 299 2774 multa
328 2710 369 2774 de
400 2698 606 2776 suo‘addidit
628 2711 716 2776 velut
738 2711 947 2776 Parmenonis
970 2711 1070 2776 verba
1091 2712 1124 2774 in
1147 2732 1242 2774 versu
1266 2715 1306 2774 29
1323 2730 1390 2790 sq.:

396 2819 501 2893 Neque
519 2811 646 2894 puqmas
669 2825 782 2879 narrat
804 2837 903 2894 meque
924 2821 1087 2880 cicatrices
1109 2837 1184 2879 suas

400 2921 538 2982 Ostentai

195 3022 240 3086 ad
263 3020 397 3084 militem
421 3022 508 3084 etin
531 3043 626 3086 versu
649 3029 689 3087 36
713 3043 759 3103 sq.
783 3022 825 3086 ad
848 3023 1026 3105 parasitum
1052 3022 1234 3104 spectantia

330 3129 410 3189 Tace
433 3135 478 3201 iu,
500 3147 587 3204 quem
611 3147 667 3206 eqo
691 3147 759 3189 esse
782 3128 869 3200 iufra
893 3128 1028 3201 insumas
1049 3131 1144 3190 ommis
1164 3135 1240 3204 pullo

318 3219 486 3293 Homines:
510 3251 580 3293 uam
603 3235 656 3308 qui
678 3235 839 3294 adsentari
861 3234 934 3293 truie
956 3216 1088 3294 animum
1112 3234 1286 3304 induraris,

328 3335 358 3394 E
374 3339 497 3412 stamma
515 3344 626 3411 peiere
648 3344 677 3396 ie
700 3337 796 3396 citum
816 3354 909 3412 posse
931 3337 1077 3398 arbitror.

289 3436 411 3499 Versus
426 3443 553 3502 41-47
571 3457 709 3519 quoque,
723 3438 754 3499 in
772 3436 891 3519 quibus
906 3418 1031 3502 Thraso
1044 3437 1246 3502 Gnathonem
1263 3435 1392 3518 praeire

197 3539 298 3618 iubet,
330 3545 448 3622 poetae
470 3540 578 3604 Latini
605 3561 675 3604 esse
699 3540 856 3605 existimo.
910 3541 1056 3605 Meminit
1087 3547 1195 3606 autem
1220 3539 1391 3603 Terentius

205 3643 341 3707 alicuius
364 3663 502 3707 scaenae
526 3643 660 3722 Colacis,
684 3663 701 3706 e
726 3664 791 3724 qua
812 3645 893 3708 haec
915 3645 1015 3709 verba
1034 3644 1204 3708 transtulit
1218 3644 1259 3726 (v.
1268 3642 1391 3727 distin:

331 3746 425 3830 (Thr)
452 3753 533 3823 (luia
550 3752 661 3810 rides?
692 3745 771 3831 (Gn)
794 3752 878 3811 Istuc
902 3755 985 3826 quod
1007 3753 1086 3813 atati
1108 3753 1204 3823 modo,

329 3855 368 3912 Et
392 3855 529 3914 illudue
552 3855 671 3914 Rhodio
696 3856 807 3914 dicium
831 3873 917 3928 quom
941 3857 972 3914 iu
995 3863 1121 3916 mentem
1144 3857 1237 3916 uenit.

287 3953 349 4017 llla
370 3953 471 4018 verba
501 3954 584 4017 enim
609 3975 680 4018 cum
704 3974 741 4018 eo
765 3953 947 4036 fragmento
971 3961 1162 4037 congruunt,
1194 3954 1279 4036 quod
1303 3953 1390 4036 apud

199 4057 258 4121 Th.
280 4056 439 4121 Kockium
464 4057 497 4140 (l.
518 4078 544 4120 o.
561 4057 608 4121 ΙΙΙ
630 4079 660 4140 p.
678 4063 719 4121 84
743 4057 825 4121 Plut.
850 4079 927 4121 mor.
953 4065 991 4123 57
1008 4061 1041 4142 a)
1066 4060 1260 4122 invenimus:

409 4167 493 4246 pata
516 4158 554 4226 mi
576 4159 660 4244 πρὸς,
681 4159 746 4236 τὸν
764 4159 921 4244 Κύπριον
947 4162 1175 4248 ἐννοούμενος.

199 4265 372 4328 Terentius
390 4269 497 4328 autem
517 4283 576 4346 pro
590 4262 707 4346 Cyprio
723 4263 884 4327 Rhodium
897 4265 1081 4329 substituit.
1120 4266 1239 4329 Versus
1252 4269 1390 4340 47-53,

201 4366 323 4450 quibus
346 4366 504 4430 adventus
527 4361 715 4444 Chremetis,
739 4365 927 4449 Pamphilae
950 4369 1072 4447 fratris,
1102 4375 1327 4451 praeparatur,
1352 4389 1390 4430 ex

186 4459 331 4534 'Graeca
352 4469 498 4533 Eunuchi
522 4469 630 4556 fahulu
656 4471 787 4533 diruisse
810 4470 881 4533 luce
905 4472 1023 4534 elarius
1047 4480 1104 4534 est.
1195 4521 1197 4525 .

1166 4576 1182 4626 5
