3390 5298
790 539 1006 604 -53..

346 751 351 761 ·
392 707 482 786 Quae
512 709 673 773 sententia
701 709 926 793 improbabilis
961 731 1031 776 esse
1062 710 1141 775 mihi
1169 710 1305 792 videtur,
1344 710 1431 794 quod
1460 711 1494 776 in

304 810 436 894 virginis
467 810 660 878 deductione
689 820 917 896 argumentum
947 816 1047 880 totius
1077 815 1209 880 fabulae
1231 817 1372 899 positum
1396 822 1445 880 est
1470 816 1493 898 ).

305 913 451 979 Chaerea
480 916 563 980 enim
587 917 752 1000 virginem,
783 939 867 1007 quae
897 919 939 983 ad
971 918 1126 983 Thaidem
1154 918 1334 998 deducitur,
1366 919 1493 1002 aspicit,

304 1039 428 1083 summo
462 1040 572 1084 amora
607 1027 722 1104 captus
746 1023 885 1087 eunuchi
908 1028 1030 1088 vestem
1060 1021 1174 1101 induit,
1203 1022 1359 1105 virginem
1391 1023 1494 1100 vitiat,

306 1121 339 1185 in
362 1123 602 1189 matrimonium
626 1124 724 1190 ducit.
771 1126 894 1191 Deinde
917 1128 1024 1192 omnia
1047 1146 1185 1210 quoque,
1218 1147 1302 1209 quae
1324 1125 1422 1190 Thais
1454 1127 1494 1190 de

306 1225 475 1310 Pamphila
498 1227 679 1294 Phaedriae
706 1237 829 1309 narrat,
853 1231 1003 1296 Terentio
1027 1229 1243 1296 adscribenda
1266 1235 1383 1307 essent,
1406 1229 1495 1312 quod

305 1330 373 1395 sine
393 1331 490 1396 dubio
515 1332 623 1413 Thais,
653 1335 679 1398 si
702 1334 873 1418 Pamphila
902 1334 1114 1418 iampridem
1139 1335 1180 1399 ab
1204 1334 1268 1399 alio
1293 1340 1440 1399 amatore
1466 1335 1495 1398 ei

305 1433 426 1499 donata
449 1442 542 1516 esset,
566 1436 657 1520 prius
680 1437 864 1503 Phaedriae
883 1440 966 1504 haec
987 1439 1202 1517 narravisset,
1223 1444 1261 1503 nt
1284 1443 1373 1503 reete
1393 1436 1499 1503 Oude-

304 1539 470 1623 gecstusll
485 1540 653 1606 intellexit.
682 1541 868 1622 Praeterea,
882 1543 908 1607 si
923 1543 1073 1627 ponimus
1092 1542 1299 1626 Pamphilam
1321 1543 1354 1606 in
1371 1542 1499 1606 Graeca

304 1641 417 1706 fabula
439 1644 503 1707 iam
528 1666 547 1708 a
570 1644 706 1728 parvula
729 1646 816 1729 apud
836 1649 1039 1711 meretricem
1064 1646 1166 1711 fuisse
1198 1651 1256 1710 aut
1285 1647 1349 1710 iam
1372 1645 1499 1729 pridem

306 1745 348 1809 ab
364 1747 473 1829 aliquo
484 1747 547 1813 alio
564 1755 710 1814 amatore
727 1751 888 1815 meretrici
904 1751 1057 1814 donatam
1076 1771 1155 1828 esse,
1183 1771 1247 1813 non
1271 1749 1499 1831 intellegimus,

307 1870 408 1931 quare
424 1850 530 1932 Thais,
555 1873 751 1935 quamquam
771 1855 836 1918 iam
859 1853 979 1919 dudum
998 1875 1062 1918 non
1077 1855 1208 1936 ignorat
1230 1853 1376 1937 puellam
1396 1853 1498 1916 civem

308 1954 447 2018 Atticam
460 1977 538 2032 esse,
554 1978 639 2021 nunc
652 1956 780 2022 demum
796 1979 928 2041 operam
945 1959 1009 2037 det,
1019 1965 1056 2022 ut
1067 1958 1153 2022 illius
1169 1963 1324 2040 cognatos
1345 1957 1497 2021 inveniat

393 2060 483 2137 Quae
506 2081 578 2124 cum
601 2061 648 2125 ita
670 2062 742 2140 sint,
767 2083 817 2126 me
841 2062 970 2144 quidem
993 2062 1100 2127 iudice
1123 2061 1267 2127 dubitari
1294 2081 1357 2124 non
1381 2065 1498 2143 potest,

307 2161 385 2242 quin
413 2162 446 2226 in
469 2162 596 2228 Graeca
627 2186 755 2247 quoque
788 2165 900 2230 fabula
930 2167 1019 2248 virgo
1051 2165 1092 2230 ad
1120 2165 1325 2230 meretricem
1356 2163 1497 2228 deducta

306 2265 357 2328 sit.
401 2266 479 2344 Quis
507 2267 623 2332 Thaidi
653 2268 733 2332 illud
757 2268 874 2334 donum
907 2270 1017 2334 misit?
1054 2269 1133 2334 Cum
1163 2268 1328 2332 Phaedria
1354 2269 1417 2331 iam
1442 2288 1498 2331 eu·

306 2368 446 2434 nuchum
479 2377 512 2435 et
542 2393 667 2436 servam
690 2373 915 2458 Aethiopicam
951 2373 992 2437 a‘d
1017 2372 1172 2437 Thaidem
1210 2371 1326 2436 deduci
1356 2372 1497 2448 iusserit,

305 2473 395 2556 virgo
418 2474 534 2539 Thaidi
567 2476 608 2541 ab
646 2477 710 2541 alio
744 2477 865 2541 donata
896 2483 954 2556 est,
991 2477 1025 2541 id
1059 2482 1108 2542 est
1142 2498 1162 2540 a
1189 2475 1282 2540 rivali
1305 2474 1522 2538 Phaedriae'

250 2565 252 2569 ’
309 2575 410 2640 Rivali
438 2578 539 2661 igitur
569 2582 601 2645 in
633 2581 803 2646 Menandri
826 2602 955 2664 quoque
976 2581 1133 2646 Eunucho
1163 2602 1244 2664 opus
1276 2584 1333 2643 est.
1378 2578 1495 2641 Utrum

274 2665 278 2671 ¹
307 2686 415 2745 autem
438 2681 492 2746 ille
518 2684 628 2748 rivalis
654 2684 842 2750 adulescens
863 2705 904 2748 an
927 2684 1019 2749 miles
1042 2685 1151 2764 fuerit,
1177 2705 1281 2766 neque
1306 2683 1496 2764 fragmentis

306 2805 411 2866 neque
433 2785 544 2851 fabula
567 2789 638 2871 ipsa
653 2783 719 2872 ¹pro
744 2795 832 2853 certo
857 2787 1041 2852 confirmari
1069 2794 1188 2871 potest.
1234 2787 1297 2864 Sed
1325 2785 1497 2849 verisimile

307 2891 365 2966 est,
389 2889 475 2970 quod
498 2890 643 2956 infelices
667 2901 829 2956 amatores
851 2894 884 2955 in
907 2891 1056 2957 omnibus
1087 2892 1154 2957 fere
1179 2890 1354 2956 comoediis
1379 2889 1497 2953 milites

308 2997 390 3070 sunt,
414 2992 447 3056 in
468 2993 638 3058 Menandri
661 2995 818 3060 Eunucho
842 3016 971 3078 quoque
995 2995 1128 3060 rivalem
1152 2994 1287 3059 militem
1313 2993 1420 3056 fuisse.

393 3096 518 3174 Quibus
547 3099 705 3164 absolutis
734 3099 776 3163 ad
807 3099 942 3164 alteram
976 3099 1197 3182 quaestionem
1232 3105 1436 3162 transeamus
1464 3102 1498 3160 et

308 3198 514 3281 disseramus,
545 3225 619 3266 num
643 3202 698 3267 ille
721 3203 831 3268 rivalis
853 3205 885 3267 in
918 3202 1087 3268 Menandri
1110 3201 1267 3266 Eunucho
1290 3203 1323 3264 in
1345 3221 1495 3265 scaenam

306 3303 472 3386 prodierit.
525 3305 637 3372 lhnius
671 3307 704 3390 (l.
722 3329 748 3371 e.
771 3330 802 3391 p.
823 3309 875 3391 18)
905 3313 938 3372 et
967 3307 1078 3372 militis
1111 3312 1143 3370 et
1172 3305 1309 3388 parasiti
1341 3325 1496 3387 personas

308 3427 503 3490 quamquam
535 3431 599 3474 non
629 3415 722 3476 tanta
752 3418 822 3476 arte
845 3410 992 3494 depictas
1022 3411 1055 3475 in
1085 3408 1255 3474 Menandri
1286 3408 1441 3472 Eunucho
1463 3408 1496 3471 in

307 3530 457 3575 scaenam
481 3511 641 3596 prodiisse
662 3514 834 3580 existimat.
872 3514 999 3579 lhnium
1023 3515 1127 3578 secuti
1148 3519 1224 3578 sunt
1247 3511 1398 3594 Regelius
1421 3510 1454 3594 (l.
1471 3531 1497 3575 c.

306 3635 337 3696 p.
355 3613 441 3699 9110)
471 3620 503 3679 et
533 3615 691 3701 Kampius
716 3618 791 3701 (lc.
816 3641 845 3701 p.
864 3622 906 3701 9).
960 3617 1124 3694 Adhano
1156 3618 1349 3681 sententiam
1382 3613 1497 3678 confir·

307 3720 460 3782 mandam
490 3719 538 3783 illi
565 3720 625 3784 viri
648 3720 735 3786 docti
764 3721 886 3786 nullum
918 3726 1144 3803 argumentum
1169 3719 1358 3788 attulerunt.
1404 3720 1437 3782 Si
1461 3739 1496 3782 re

307 3843 384 3886 vera
408 3821 519 3887 militis
542 3845 681 3907 persona
711 3826 775 3889 iam
805 3826 838 3888 in
863 3826 990 3889 Graeca
1013 3824 1125 3889 fabula
1147 3824 1278 3908 prodiit,
1307 3822 1496 3904 intellegere

395 3997 420 4062 1)
447 3994 488 4048 Of.
516 3996 572 4052 Ph.
598 3996 708 4065 Fabia
734 3999 750 4051 l.
771 4016 794 4051 c.
818 4016 844 4066 p.
865 3999 927 4052 184:
956 3997 1053 4064 „Getta
1081 3996 1228 4050 demarche
1255 4035 1364 4048 .....
1393 3999 1436 4047 est
1459 3995 1498 4046 in·

307 4081 482 4150 dispensable
501 4101 573 4152 pour
591 4083 619 4136 la
637 4085 708 4138 suite
727 4084 761 4138 de
781 4084 907 4151 l’aetion3
933 4084 984 4136 elle
1003 4084 1106 4136 motiva
1125 4083 1151 4134 la
1169 4088 1250 4134 scone
1269 4084 1292 4144 3,
1319 4083 1354 4134 οὺ
1374 4081 1499 4134 Chaerea

308 4187 337 4222 se
355 4173 484 4237 presente
504 4170 597 4223 de‘sole
620 4169 723 4223 d'avoir
742 4170 830 4239 perdu
857 4171 883 4222 la
909 4175 985 4223 traca
1006 4169 1040 4222 de
1059 4167 1204 4237 Pamphila
1231 4168 1296 4235 qu'il
1322 4168 1435 4233 suivait,
1462 4168 1497 4219 oli

306 4254 463 4308 Parmenon
491 4257 530 4308 lui
554 4256 693 4325 apprend,
720 4256 817 4324 qu’elle
835 4258 911 4309 vient
936 4257 1059 4309 d⁷entrer
1077 4255 1145 4308 chez
1163 4253 1262 4320 Thale,
1290 4255 1325 4306 oh
1344 4269 1373 4305 se
1392 4253 1499 4319 decide,

309 4339 388 4402 enlin,
407 4341 433 4394 la
450 4342 630 4396 substitution
650 4342 684 4394 de
703 4341 827 4394 Chaerea
844 4350 861 4394 a
879 4343 1049 4411 l'eunuque.“

395 4427 424 4495 2)
443 4426 487 4481 W.
507 4427 530 4481 Ι.
552 4426 776 4498 Oudegeest:
802 4427 846 4482 De
864 4429 993 4482 Eunuchi
1011 4427 1193 4481 Terentianae
1223 4425 1355 4494 exemplis
1384 4423 1500 4477 Graecia

308 4513 469 4584 disputatio,
487 4514 667 4568 Amsterdam
687 4516 762 4583 1906,
780 4533 808 4584 p.
820 4516 861 4568 26.
1237 4514 1243 4523 ’
