3390 5298
689 565 905 626 ...27-

204 734 382 813 muliercm,
405 756 503 816 quam
519 734 688 800 Calidorus
711 733 902 799 adulescens
926 738 1023 813 amat,
1044 732 1157 816 viginti
1174 732 1267 797 minis
1282 732 1391 797 vendi-

204 838 263 918 dit,
287 859 424 922 querum
448 839 631 922 quindecim
653 839 718 904 iam
742 839 867 904 solutae
890 843 965 903 sunt
986 841 1028 923 (v.
1051 838 1221 924 616f618)·,
1250 838 1343 902 miles
1360 859 1394 902 66
1497 851 1500 858 “

204 943 348 1026 6616666
372 944 475 1008 minas
498 964 582 1026 quae
605 948 812 1026 superessent
833 944 875 1026 (v.
899 944 975 1026 619)
998 942 1195 1025 praestituta
1218 940 1278 1020 die,
1311 941 1341 1006 h.
1365 961 1392 1004 e.

204 1067 245 1112 eo
270 1047 342 1130 ipso
364 1045 425 1126 die,
448 1045 600 1112 daturum
624 1067 694 1112 6666
718 1047 759 1130 (v.
781 1047 932 1131 taaleni)
956 1046 1104 1129 promisit
1125 1049 1157 1110 et
1179 1044 1286 1110 lenoni
1309 1066 1393 1130 sym·

203 1150 316 1216 bolum
345 1149 482 1216 tradidit
514 1152 554 1233 (v.
579 1152 664 1234 648),
695 1155 732 1216 66
760 1151 796 1229 is,
828 1151 882 1233 qui
914 1150 984 1215 eius
1014 1149 1118 1214 simile
1149 1148 1330 1234 symbolum
1361 1153 1394 1213 66

205 1255 349 1338 6616666
360 1255 462 1319 minas
479 1253 620 1332 afferret,
642 1254 844 1320 meretricem
861 1253 1046 1318 abduceret.
1080 1252 1259 1318 Pseudolus
1275 1257 1393 1332 autem,

206 1358 347 1424 Simonis
370 1379 489 1435 servus,
521 1357 655 1423 militem
679 1358 869 1442 praevenire
902 1363 936 1423 et
964 1357 1131 1422 mulierem
1153 1356 1262 1421 lenoni
1285 1357 1394 1440 aliquo

206 1460 282 1526 dolo
304 1462 429 1548 eripere
441 1463 473 1526 in
487 1463 594 1528 animo
612 1461 714 1528 habet
731 1463 775 1546 (ll
793 1464 834 1543 1).
869 1461 957 1526 Simo
973 1467 1065 1526 ratus
1089 1461 1173 1526 servi
1192 1460 1394 1544 propositum

204 1586 363 1649 prospere
387 1571 576 1631 eventurum
599 1588 662 1632 non
687 1586 766 1645 esse,
790 1565 949 1630 Pseudolo
972 1566 1085 1649 viginti
1105 1565 1210 1629 minas
1224 1564 1395 1648 promittit,

206 1670 234 1734 si
264 1669 297 1733 id
326 1652 470 1734 effecerit
500 1670 541 1753 (v.
567 1675 638 1749 733,
664 1671 876 1756 loethoeo),
914 1674 1027 1733 contra
1057 1666 1244 1746 Pseudolus,
1274 1667 1301 1733 si
1331 1688 1395 1732 non

207 1771 361 1852 effecerit,
388 1773 421 1836 in
452 1773 623 1856 pistrinum
651 1774 699 1838 ire
728 1795 791 1838 non
815 1779 970 1856 gravatur
1000 1774 1041 1856 (v.
1075 1776 1165 1851 1060,
1191 1772 1394 1857 109911100).

208 1879 314 1959 Atque
339 1897 375 1941 re
404 1897 481 1940 vera
509 1897 601 1941 servo
633 1877 797 1960 contingit,
828 1884 865 1942 66
892 1877 1041 1941 lenonem
1071 1874 1227 1959 decipiat,
1258 1895 1333 1940 nam
1356 1875 1397 1940 ab

209 1980 369 2064 Harpace,
391 1979 503 2044 militis
525 1979 648 2060 nuntio,
672 1979 852 2066 symbolum
874 1980 936 2047 sibi
959 1984 1136 2063 comparat,
1160 1979 1248 2062 quod
1269 1978 1397 2057 Simiae,

207 2084 427 2169 sycophantae
451 2084 588 2164 cuidam,
611 2084 722 2164 tradit,
744 2085 857 2149 661116
879 2084 1045 2149 mulierem
1063 2105 1082 2147 a
1105 2083 1220 2148 lenone
1243 2082 1395 2148 abducat.

209 2188 315 2252 Ballio
338 2193 429 2253 ratus
457 2209 570 2253 verum
599 2188 784 2272 Harpacem
826 2189 1030 2254 meretricem
1060 2188 1244 2265 abduxisse,
1277 2186 1398 2252 Simoni

208 2313 279 2356 sese
300 2291 414 2375 viginti
436 2292 541 2357 minas
566 2291 718 2358 daturum
735 2313 805 2358 6666
820 2293 991 2376 promittit,
1014 2292 1041 2356 si
1064 2313 1084 2386 a
1108 2290 1267 2356 Pseudolo
1283 2289 1396 2374 decep·

153 2409 155 2412 ’
210 2402 263 2460 666
277 2395 384 2460 fuerit.
408 2395 487 2460 Sero
504 2401 612 2488 autem
628 2397 700 2461 leno
719 2396 879 2480 intellegit
891 2417 961 2461 sese
972 2417 991 2460 a
1002 2395 1161 2460 Pseudolo
1173 2395 1303 2459 illusum
1317 2414 1396 2459 6666.

298 2498 362 2564 Sed
385 2520 446 2583 age
468 2521 553 2565 nunc
577 2505 820 2584 perscrutemur
851 2501 950 2564 ceteri
981 2504 1074 2564 actus
1107 2521 1178 2564 cum
1209 2499 1272 2563 hoc
1302 2517 1400 2580 argu·

209 2608 318 2669 mento
341 2625 417 2669 num
442 2609 630 2687 congruant.

296 2727 385 2811 §10⁸
424 2725 479 2789 De
510 2730 627 2790 actus
659 2726 781 2809 primi
814 2746 967 2790 scaena
996 2726 1139 2809 prima.
1197 2725 1399 2807 Quicumque

210 2848 360 2892 scaenam
381 2828 519 2914 primam
542 2833 635 2893 aetus
661 2830 758 2913 primi
790 2851 864 2892 oum
886 2849 1004 2893 scaena
1026 2829 1125 2893 tertia
1148 2828 1396 2911 comparaverit,

208 2933 242 2995 in
264 2951 301 2996 66
323 2931 480 3011 haerebit,
504 2932 591 3016 quod
607 2933 766 3016 expositio
782 2931 913 2997 fabulae
928 2933 979 2997 bis
993 2938 1166 2997 enarratur
1183 2932 1263 2996 etin
1280 2952 1398 2996 scaena

209 3037 226 3100 I
243 3041 257 3099 1
284 3041 317 3100 66
339 3037 371 3099 16
388 3036 402 3100 l
419 3039 447 3099 3.
492 3035 661 3101 Calidorus
677 3036 794 3100 litteris
811 3035 1016 3100 aPhoenioio
1032 3036 1138 3100 missis
1155 3036 1274 3100 certior
1289 3035 1396 3100 factus

209 3145 259 3204 est
295 3141 336 3225 (v.
367 3144 504 3218 41-44,
529 3144 665 3220 61-59,
690 3139 830 3226 64-13)
870 3140 1006 3204 amicam
1038 3159 1128 3204 suam
1165 3139 1260 3203 militi
1291 3138 1398 3204 Mace·

211 3243 306 3308 donio
323 3244 459 3309 veniisse
476 3249 509 3307 66
521 3244 678 3327 proximis
693 3244 864 3328 Dionysiis,
885 3264 969 3326 quae
993 3247 1065 3308 cras
1082 3249 1197 3322 essent,
1222 3242 1399 3309 abductum

209 3349 258 3412 iri.
304 3348 376 3411 Non
400 3348 530 3431 ignorat
553 3347 687 3413 militem
711 3348 894 3431 quindecim
926 3348 1029 3412 minas
1052 3349 1115 3411 iam
1138 3367 1344 3412 enumerasse
1367 3353 1401 3412 et

209 3451 384 3535 imaginem
407 3471 498 3516 suam
527 3457 560 3515 in
585 3473 660 3516 cera
682 3472 723 3517 ex
753 3452 850 3516 anulo
874 3472 1061 3536 expressam
1092 3451 1272 3534 reliquisse,
1304 3451 1400 3529 6616,
1524 3527 1527 3534 ¹

210 3556 267 3640 qui
292 3556 361 3621 eius
384 3556 489 3621 simile
512 3555 692 3641 symbolum
715 3563 749 3621 66
772 3558 914 3639 6616666
938 3557 1042 3621 minas
1066 3555 1207 3636 afferret,
1231 3554 1399 3620 tibicinam

209 3658 397 3724 abduceret.
437 3661 527 3738 Quae
551 3681 623 3724 cum
645 3661 694 3725 ita
717 3661 790 3738 sint,
815 3666 992 3743 exspectes,
1017 3666 1053 3724 66
1069 3660 1239 3725 Calidorus
1251 3659 1399 3724 lenonem

209 3765 241 3826 in
267 3784 385 3829 666666
411 3764 460 3828 13
483 3764 639 3847 increpet,
662 3785 719 3829 our
744 3764 951 3829 Phoenicium
982 3761 1171 3843 vendiderit,
1203 3784 1401 3846 quamquam

209 3867 396 3950 promiserit
425 3868 466 3950 (v.
491 3868 567 3951 352)
597 3888 631 3932 se
662 3867 749 3932 illam
781 3867 900 3932 nemini
929 3867 989 3930 6161
1015 3866 1165 3932 Calidoro
1195 3866 1400 3931 venditurum

209 3990 290 4034 esse.
346 3969 459 4053 Neque
488 3991 564 4034 vero
596 3969 786 4035 adulescens
817 3971 964 4034 lenonem
996 3970 1168 4052 vituperat,
1193 3971 1270 4051 quin
1303 3971 1401 4034 etiam

209 4073 391 4138 Pseudolus
423 4073 610 4138 aBallione
648 4072 778 4139 brevem
811 4095 934 4137 moram
965 4074 1049 4157 petit
1085 4075 1125 4156 (v.
1161 4073 1314 4158 283f284)
1338 4094 1402 4156 qua

212 4183 382 4260 argentum
422 4198 611 4261 comparare
647 4178 765 4260 possit,
804 4177 889 4260 quod
928 4176 1097 4241 Calidorus
1134 4198 1192 4260 pro
1228 4175 1402 4240 Phoenicio

211 4280 386 4364 stipulatus
416 4287 473 4344 666.
526 4283 678 4345 Attamen
711 4286 744 4345 et
766 4281 957 4345 adulescens
998 4286 1030 4344 ct
1057 4302 1168 4345 servus
1198 4280 1402 4345 meretricem

209 4384 274 4448 iam
298 4384 434 4449 veniisse
457 4388 489 4449 et
511 4404 634 4449 moram
657 4405 696 4449 66
725 4385 765 4449 de
796 4405 895 4448 causa
918 4383 997 4447 nihil
1029 4382 1185 4467 proficere
1217 4404 1312 4466 posse
1338 4404 1403 4450 666

212 4486 369 4552 66661666.
