3390 5298
654 567 869 630 ..37-

243 738 360 802 Versus
395 736 542 822 aetiana,
581 736 698 820 quibus
732 735 894 802 hominem
929 741 1089 816 astutum,
1124 736 1253 802 doctum
1290 757 1341 802 ar·

152 863 282 908 cessere
307 841 476 910 Calidorus
498 841 639 921 iubetur,
665 863 705 906 ex
728 841 906 926 exemplari
934 844 959 904 A
988 841 1150 926 desumpti
1179 863 1251 925 essa¹
1278 863 1341 907 444

150 952 297 1030 possunt,
327 947 413 1029 quod
436 945 595 1010 Charinus
622 946 655 1010 in
684 965 802 1010 scaena
825 945 854 1009 ll
878 951 897 1008 4
919 945 1082 1029 prodiens,
1115 966 1211 1028 quam
1236 966 1342 1012 exem·

150 1051 256 1134 pluris
273 1054 298 1114 A
315 1071 385 1114 esse
408 1071 508 1133 supra
524 1049 739 1133 exposuimus,
764 1071 835 1113 curn
858 1048 915 1112 illa
939 1069 1077 1130 persona
1100 1069 1163 1113 non
1184 1051 1340 1130 congruit.

149 1156 269 1237 Itaque
290 1155 364 1218 inde
388 1175 408 1217 a
432 1174 525 1218 versu
549 1157 610 1218 383
626 1153 761 1218 Plautus
785 1152 826 1216 ad
850 1151 1016 1235 exemplar
1032 1152 1066 1232 B,
1090 1173 1156 1236 qua
1181 1152 1214 1216 in
1230 1152 1342 1216 fabula

150 1279 246 1322 servo
268 1257 395 1334 callido,
419 1257 514 1321 docto
537 1256 578 1320 ad
602 1262 728 1339 patrem
751 1255 976 1339 decipiendum
1000 1276 1080 1339 opus
1103 1262 1184 1335 erat,
1215 1255 1343 1320 ridetur

150 1361 297 1426 rediisse.
342 1359 475 1425 Addidit
490 1366 597 1424 autem
621 1365 727 1443 poeta,
751 1367 786 1424 ut
806 1360 869 1424 hoc
884 1359 979 1424 moda
996 1380 1145 1424 scaenam
1165 1360 1196 1423 II
1211 1367 1230 1423 4
1247 1380 1341 1442 prae·

149 1470 295 1550 pararet,
318 1466 350 1528 in
368 1485 433 1547 qua
448 1465 616 1542 Charinus,
639 1464 762 1528 amicus
785 1463 969 1540 benevolus,
992 1464 1025 1526 in
1047 1485 1197 1528 scaenam
1221 1462 1340 1546 prodit,

150 1591 265 1633 versus
290 1569 425 1651 390l392
450 1589 490 1632 ex
512 1566 690 1651 exemplari
714 1571 737 1630 A
762 1567 958 1654 desumptas.
1221 1565 1227 1574 '

236 1693 326 1776 §ld
366 1689 420 1754 De
452 1694 573 1754 actus
602 1689 723 1771 primi
760 1708 913 1752 scaena
949 1692 1110 1772 quarta.
1162 1689 1340 1772 Postquam

149 1793 323 1858 Calidorus
352 1794 439 1871 exiit,
470 1791 648 1858 Pseudolus
675 1793 707 1857 in
738 1812 856 1856 scaena
886 1796 1004 1874 quarta
1033 1813 1140 1858 secum
1172 1791 1340 1870 deliberat,

148 1897 313 1980 quomodo
346 1897 460 1980 viginti
491 1897 603 1975 minas,
633 1915 717 1978 quae
745 1916 904 1977 nusquam
937 1895 1003 1960 sint
1031 1896 1173 1978 gentium
1196 1896 1340 1960 invenire

147 2002 264 2084 possit.
308 2003 377 2066 Iam
394 2020 494 2084 supra
510 2004 553 2085 (p.
571 2001 679 2084 30l31)
704 1999 921 2064 demonstravi
937 2005 1128 2082 argumento
1144 1999 1340 2081 exemplaris

151 2109 176 2169 A
211 2126 406 2189 repugnare,
438 2103 523 2187 quad
558 2125 669 2168 servus
704 2103 816 2185 viginti
847 2103 950 2166 minas
991 2102 1052 2168 sibi
1083 2123 1274 2185 comparare
1307 2103 1339 2166 in

149 2209 257 2273 animo
276 2208 413 2289 habeat;
437 2229 512 2273 uam
529 2207 703 2272 secundum
722 2212 945 2289 argumentum
964 2205 1159 2290 exemplaris
1180 2209 1205 2269 A
1226 2207 1340 2289 viginti

152 2313 259 2376 minae
284 2311 485 2378 adulescenti
508 2311 637 2375 omuino
667 2310 745 2374 nibil
775 2310 930 2393 prodesse
959 2315 1103 2392 possunt.
1149 2309 1264 2392 ltaque
1289 2309 1339 2374 vel

150 2438 166 2479 4
189 2414 340 2483 versibus
361 2420 497 2500 4041405

695 2504 807 2580 Viainii
827 2506 925 2565 minas

239 2613 325 2684 Quae
349 2625 498 2684 nusquam
520 2626 602 2668 nane
625 2615 696 2668 sarri
714 2610 860 2682 peritiam,
883 2609 1037 2668 inueniam
1062 2614 1160 2668 tamea

150 2734 217 2793 ete
241 2727 389 2792 versibus
412 2728 567 2812 masma:
652 2719 657 2730 '

239 2837 287 2895 Ex
315 2837 372 2895 Aac
397 2837 539 2909 sepulcra
562 2841 669 2894 uetere
696 2829 729 2914 (i.
761 2849 787 2892 4.
816 2829 959 2913 Simone)
987 2833 1097 2907 aipinti
1123 2834 1222 2892 minas

236 2940 389 3017 Effodiam
412 2954 468 3013 epa
490 2938 591 3006 bodie,
605 2915 691 3012 'quiae
714 2939 780 2996 dem
803 2939 873 2997 erili
891 2938 956 3010 silio

151 3057 325 3122 concludas
350 3055 433 3120 hanc
456 3073 606 3118 scaenam
637 3054 862 3138 exemplariB
893 3053 1101 3119 tribuendam
1124 3075 1202 3119 4444.
1248 3055 1337 3134 Quae

151 3161 313 3225 sententia
336 3180 374 3224 eo
399 3158 617 3236 confirmatur,
640 3157 727 3240 quod
750 3157 928 3222 Pseudolus
953 3157 1013 3243 boc
1035 3157 1106 3222 loco
1130 3160 1170 3240 (v.
1185 3159 1337 3241 412r413)

149 3265 182 3329 id
203 3284 361 3348 peragere
386 3263 509 3346 incipit,
540 3261 626 3344 quod
649 3281 719 3325 sese
742 3261 903 3326 facturum
936 3281 1006 3326 4444
1036 3261 1069 3324 in
1092 3281 1216 3326 scaena
1232 3261 1338 3343 prima

29 3353 31 3434 l
150 3390 189 3432 ex
213 3368 390 3451 exemplari
419 3366 636 3448 Bdesumpta
659 3365 869 3448 promiserat:
1163 3404 1183 3450 χ

151 3513 177 3551 v.
204 3495 263 3554 117
288 3488 377 3572 (Ca):
403 3491 537 3552 Dadima
568 3491 691 3565 arpenti
711 3492 751 3550 mi
773 3492 863 3551 bodie
882 3492 993 3565 aipinti
1014 3491 1134 3550 minas?

150 3615 176 3655 u.
202 3599 263 3658 118
287 3592 356 3676 (Pe)
380 3596 475 3656 aceo.

151 3719 176 3760 v.
204 3702 264 3762 120
288 3702 321 3760 Si
343 3701 491 3759 neniiaem
513 3701 605 3758 aliam
619 3703 741 3772 patera,
765 3705 844 3758 taam
866 3705 990 3774 tanqam
1007 3705 1140 3772 patrem.

235 3818 356 3882 'lamen
373 3838 392 3880 a
409 3835 527 3880 scaena
549 3816 654 3899 prima
678 3815 854 3880 abhorrere
877 3813 1026 3878 uidentur
1052 3835 1162 3878 versus
1179 3819 1336 3900 antiton:

277 3945 375 4018 Atque
398 3959 453 4015 epa
476 3958 522 4000 me
544 3943 604 4002 iam
623 3942 748 4015 pridem
771 3942 843 4000 baie
867 3929 1010 4000 daturam
1033 3940 1175 4000 dixeram

280 4049 318 4106 dr
341 4047 424 4106 aoiai
446 4046 564 4105 inicere
587 4046 738 4118 trapetum
763 4045 793 4102 ia
816 4049 952 4103 neaeram
973 4057 1093 4102 renem:

287 4150 392 4210 Veram
418 4151 444 4208 ia
467 4149 629 4222 nesciaque
647 4153 741 4222 pacta
759 4148 939 4221 praesensit
956 4147 1058 4220 priua.

237 4267 320 4331 Nam
343 4265 530 4342 Pseudolus,
554 4265 608 4347 qui
632 4264 664 4328 in
687 4284 807 4329 scaena
829 4263 869 4326 ll
900 4262 1066 4326 consilium
1085 4261 1206 4326 Simoni
1227 4263 1339 4344 viginti

153 4373 254 4436 minas
278 4369 435 4453 eripiendi
459 4369 545 4451 cepit
568 4367 725 4450 usquead
752 4368 835 4431 hanc
855 4387 1006 4430 scaenam
1023 4366 1151 4430 omnino
1167 4386 1230 4429 non
1246 4365 1338 4445 abiit,

31 4529 32 4564 ,
152 4479 188 4540 ut
217 4471 398 4556 „tragulam
430 4472 463 4535 in
496 4491 603 4536 senem
639 4471 777 4535 inicere“
812 4475 930 4553 posset.
975 4469 1052 4534 lllos
1084 4473 1194 4533 autem
1224 4489 1337 4534 versus
