3390 5298
818 576 1036 639 ,36-

335 766 395 809 nus
405 743 429 831 ¹)
441 743 667 818 iudicaverunt
678 768 790 811 versus
804 751 941 833 ostreas
955 747 1111 829 genuinos
1124 767 1194 810 esse
1206 750 1368 829 putantes,
1380 741 1529 806 delentes

333 855 441 914 autern
458 871 571 914 versus
584 851 730 936 3901392.
759 850 835 915 Illos
852 872 963 915 versus
979 851 1118 915 insertos
1134 871 1204 914 esse
1226 848 1268 913 ab
1290 847 1529 930 interpolatore

333 953 484 1035 quodam,
508 954 564 1035 qui
586 955 834 1044 repugnantiam
857 955 944 1018 inter
959 974 1070 1019 versus
1094 956 1231 1038 oetaeo
1255 959 1287 1017 et
1310 975 1337 1014 v.
1354 957 1452 1018 697-
1462 955 1528 1015 699

333 1062 514 1121 exstantem
535 1077 700 1122 removere
724 1057 756 1121 in
780 1059 886 1122 animo
912 1057 1089 1124 habuisset.
1135 1057 1257 1122 Versus
1279 1061 1389 1120 eutem
1406 1055 1526 1138 390192

332 1160 575 1243 interpolatoris
605 1181 675 1225 esse
705 1161 783 1225 mihi
815 1183 878 1226 non
912 1161 1063 1227 ridentur
1094 1161 1157 1226 hac
1187 1161 1227 1225 de
1257 1181 1372 1232 causa:
1410 1163 1531 1242 poeta-s

331 1283 434 1328 novae
472 1261 658 1329 comoediae
691 1264 856 1349 Euripidis
893 1265 1095 1349 tragoediam
1131 1265 1290 1348 imprimis
1324 1264 1356 1328 in
1392 1264 1459 1327 vita
1494 1266 1532 1324 et

331 1365 476 1431 moribus
493 1365 716 1432 describendis
738 1369 868 1453 saepius
890 1369 1036 1433 imitatos
1052 1389 1123 1434 esse
1145 1370 1231 1432 inter
1254 1389 1365 1432 omnes
1386 1369 1528 1430 constat.

331 1469 365 1534 si
386 1470 486 1552 igitur
501 1469 718 1536 demonstrari
740 1476 850 1554 potest
865 1471 955 1537 locos
971 1471 1138 1538 Plautinos
1156 1493 1227 1536 oum
1248 1472 1328 1555 locis
1341 1469 1533 1552 Euripideis

332 1591 520 1656 congruere,
556 1578 647 1639 certa
680 1575 821 1656 quadarn
853 1575 1090 1661 verisimilitate
1125 1575 1275 1640 contendi
1309 1579 1419 1658 potest
1453 1572 1533 1636 illos

330 1677 419 1741 locos
451 1698 468 1742 e
505 1699 587 1742 nova
622 1679 790 1743 comoedia
826 1678 1014 1764 desumptus
1049 1701 1119 1744 esse
1157 1700 1261 1762 neque
1299 1675 1532 1761 interpolatori

331 1780 458 1844 cuidam
490 1780 650 1863 deberi2).
696 1782 743 1847 De
767 1783 910 1847 amicitia
941 1785 1070 1868 saepius
1098 1785 1131 1848 in
1156 1783 1320 1866 Euripidis
1347 1779 1531 1863 tragoediis

332 1885 441 1966 agitur
457 1889 490 1948 et
505 1883 687 1964 discrimen,
712 1886 798 1969 quod
818 1888 903 1951 inter
921 1907 1012 1952 raros
1028 1889 1149 1953 amicos
1166 1893 1198 1953 et
1215 1887 1315 1951 falsos
1332 1884 1533 1960 intercedat,

330 1993 502 2052 tractatur.
548 1987 622 2052 Huc
645 1995 795 2073 spectant
818 1989 982 2073 Euripidis
1006 1990 1130 2056 Orestis
1154 2012 1265 2055 versus
1289 1993 1368 2054 806:

485 2097 617 2178 μυρίων
639 2098 804 2176 κρείσσων
828 2091 979 2180 ὁμαίμων
1002 2091 1100 2178 ἀνδρὶ
1127 2103 1310 2180 κεκτῆσθαι
1334 2097 1441 2177 φίλος,

330 2217 442 2261 versus
470 2203 567 2261 1155:

486 2295 549 2367 οὐκ
571 2300 660 2367 ἔστιν
682 2296 784 2368 οὐδὲν
805 2307 961 2384 κρεῖσσον
984 2299 1004 2386 ἢ
1027 2306 1124 2384 φίλος
1147 2301 1266 2388 σαφής,

333 2401 581 2468 Andromachae
604 2425 717 2468 vorsus
741 2409 896 2489 376p377:

487 2511 597 2591 φίλων
619 2505 684 2593 γὰρ
708 2503 810 2575 οὐδὲν
832 2512 920 2576 ’idion
939 2512 1059 2588 οἵτινες
1083 2513 1175 2592 φίλοι

487 2607 600 2694 ὀρθῶς
622 2608 806 2695 πεφύκασ’,

334 2715 523 2799 Supplicem
545 2736 658 2779 versus
682 2715 838 2800 867s868:

489 2821 586 2902 φίλος
609 2817 637 2885 τ’
656 2815 784 2905 ἀληθὴς
809 2809 851 2905 ἦν
874 2824 983 2904 φίλοις
1004 2825 1149 2903 παροῦσί
1171 2847 1205 2887 τε

487 2920 609 3008 καὶμὴ
631 2931 812 3005 παροῦσιν·
840 2913 887 2990 ὦν
909 2919 1052 3010 ἀριθμὸς
1074 2920 1116 2991 οὐ
1137 2923 1248 3003 πολύς.

419 3025 543 3104 Quibus
572 3047 642 3089 cum
667 3026 814 3090 versibus
837 3027 1021 3110 Euripideis
1044 3047 1155 3091 versus
1179 3029 1316 3113 390s392
1344 3027 1426 3091 bene
1450 3047 1529 3090 con-

333 3150 449 3212 gruere
466 3135 499 3193 et
514 3150 553 3193 ea
572 3129 612 3192 de
629 3150 728 3193 causa
746 3130 874 3193 minime
896 3131 996 3212 spurii
1020 3129 1159 3193 habendi
1177 3151 1257 3210 esse,
1281 3131 1337 3196 sed
1354 3152 1393 3194 ex
1411 3130 1526 3211 aliquo

333 3233 510 3316 exemplari
539 3233 666 3296 Graeco
697 3232 828 3297 fluxisse
860 3234 937 3296 mihi
967 3233 1125 3297 videntur.
1172 3234 1385 3317 Nequaquam
1416 3241 1528 3298 :autem

333 3343 366 3400 et
388 3357 500 3400 versus
517 3335 654 3419 384ί386
672 3343 705 3400 et
724 3358 835 3401 versus
853 3339 988 3421 mulsea
1014 3358 1120 3401 secum
1144 3343 1362 3421 repugnantes
1379 3337 1528 3401 eiusdem

333 3439 529 3522 exemplaris
553 3439 669 3503 Graeci
695 3461 765 3504 esse
790 3449 934 3524 possunt.

331 3631 383 3683 wie
409 3631 453 3683 hei
480 3629 584 3682 andern
602 3628 807 3697 Dramatikern‚
832 3631 974 3683 bisweilen
998 3629 1091 3683 findet.
1126 3629 1255 3697 demand¹
1275 3630 1324 3682 der
1343 3630 1396 3683 den
1414 3629 1530 3682 kleinen

319 3715 534 3783 'Widerspruch
554 3714 692 3768 durohaus
710 3716 864 3784 beseitigen
882 3715 984 3783 wollte,
1003 3716 1091 3770 sohob
1110 3733 1158 3768 aur
1170 3715 1361 3785 Vermittlung
1378 3715 1425 3769 die
1438 3715 1531 3770 Verso

331 3803 469 3854 390-392
491 3801 559 3854 ein.“

420 3890 443 3953 l)
463 3885 492 3940 P.
514 3886 667 3955 Langen
686 3888 704 3941 l.
724 3906 747 3942 c.
767 3890 864 3958 paca.
1300 3903 1302 3907 '
1417 3951 1419 3958 y

416 3974 442 4040 2)
462 3972 492 4026 F.
510 3971 600 4025 Leo:
627 3972 717 4026 Plaut.
742 3972 955 4043 Forschungen‚
984 3973 1078 4028 Berlin
1108 3976 1182 4042 1895,
1203 3991 1235 4044 p.
1256 3975 1384 4041 101s102:
1411 3973 1467 4041 „Es
1494 3975 1533 4026 ist

332 4059 454 4112 bekannt
480 4058 536 4110 und
560 4060 597 4111 im
618 4059 859 4130 Zusammenhang
877 4061 926 4114 der
944 4060 1083 4114 attischen
1100 4059 1195 4113 Kunat
1212 4062 1263 4113 mit
1280 4061 1344 4114 dem
1362 4060 1459 4114 haben
1479 4060 1535 4113 ties

333 4145 503 4212 hegrhndet‚
531 4145 593 4198 dass
614 4146 657 4199 die
676 4145 816 4200 Komddie
837 4148 885 4200 des
905 4146 1057 4200 Menander
1076 4147 1132 4200 und
1152 4145 1296 4200 Philemon
1321 4148 1348 4199 in
1367 4147 1416 4200 der
1435 4146 1531 4200 Erfin-

332 4230 406 4299 dung
429 4231 485 4283 und
503 4230 636 4301 Fiihrung
662 4233 711 4285 der
735 4231 899 4302 Handlung,
923 4233 950 4284 in
976 4234 1025 4286 der
1044 4232 1131 4286 Welt·
1152 4233 1205 4285 und
1223 4231 1530 4302 Lebensonschauung‚

332 4317 415 4368 deren
429 4317 542 4386 spiegel
555 4318 593 4370 sie
606 4319 649 4384 iet,
668 4319 746 4372 mehr
765 4321 793 4370 in
812 4319 862 4372 der
881 4319 1101 4387 euripideisohen
1116 4317 1254 4387 Tragodie
1273 4319 1313 4371 als
1333 4320 1361 4371 in
1382 4319 1432 4373 der
1451 4321 1529 4373 alten

331 4401 470 4454 Komihhe
498 4403 618 4456 wurzelt.
638 4435 671 4442 —
691 4403 745 4457 Wo
770 4405 885 4458 Plautus
911 4425 943 4456 :ur
971 4403 1119 4474 Euripides
1147 4405 1284 4471 erinnert,
1305 4405 1340 4456 da
1366 4406 1458 4459 haben
1478 4407 1530 4459 wir

332 4487 420 4543 fasten
440 4488 537 4543 Boden
555 4495 636 4544 unter
654 4491 707 4545 den
726 4491 856 4546 Ffissen.“
