3390 5298
779 575 997 636 ..20-

367 740 439 806 Hoc
461 742 557 806 modo
582 743 783 808 concinnitas
806 743 937 809 fabulae
954 744 1063 809 deleta
1085 749 1184 828 atque
1209 741 1392 808 disturbata
1409 745 1475 818 est3

281 866 356 910 nam
380 851 593 929 spectatores,
618 848 674 928 qui
696 869 799 930 usque
816 848 857 912 ad
874 852 985 913 actum
1006 849 1138 912 tertium
1155 852 1323 912 exeuntem
1340 847 1477 928 sperant

279 949 428 1013 lenonem
461 948 535 1013 dolo
567 947 754 1032 Milphiouis
785 951 818 1014 in
842 951 1003 1016 calumnia
1023 957 1056 1017 et
1078 951 1240 1016 malitiosa
1265 949 1345 1016 iuris
1373 949 1477 1012 inter-

222 1069 223 1072 ’
280 1055 464 1136 pretatione
487 1053 594 1135 posito
617 1053 797 1137 periturum
823 1075 902 1130 esse,
934 1054 1027 1118 valde
1051 1055 1256 1138 decipiuntur
1279 1059 1378 1134 atque
1400 1048 1477 1113 inde

281 1156 323 1221 ab
340 1162 417 1219 actu
434 1161 552 1237 quarto
575 1177 692 1221 novum
716 1157 885 1222 consilium
901 1178 973 1221 cum
990 1157 1194 1224 antecedenti
1211 1157 1341 1239 minime
1358 1154 1476 1218 cohae-

282 1280 367 1337 rens,
391 1259 480 1353 quod
502 1260 535 1323 in
559 1261 745 1342 anagnorisi
767 1262 908 1345 positum
933 1266 991 1338 est,
1015 1268 1202 1344 sequuntur.

367 1360 530 1426 Poenulus
565 1362 665 1444 igitur
700 1363 762 1428 duo
796 1365 940 1429 continet
970 1371 1161 1447 argumenta
1194 1364 1290 1448 plane
1322 1363 1407 1426 inter
1440 1379 1475 1422 se

282 1465 420 1542 diversa,
444 1486 583 1547 quorum
601 1472 774 1550 utrumque
789 1467 874 1533 idem
891 1473 1027 1552 spectat,
1050 1475 1087 1533 ut
1101 1468 1208 1534 lenoni
1225 1467 1330 1532 amica
1345 1463 1477 1529 adules-

282 1569 384 1632 centis
408 1568 575 1652 eripiatur.
622 1570 779 1636 Neutrum
804 1571 907 1636 altero
935 1577 1153 1654 praeparatur
1176 1577 1233 1636 aut
1256 1572 1475 1635 continuatur.

283 1673 368 1750 Quin
392 1672 559 1756 exemplar
588 1672 748 1738 Graecum
771 1675 830 1738 tali
853 1675 948 1739 morlo
972 1677 1183 1760 compositum
1206 1696 1270 1739 non
1291 1672 1399 1750 fuerit,
1422 1669 1477 1758 vix

283 1775 417 1840 dubium
448 1797 519 1840 asse
553 1782 671 1860 potest.
722 1779 837 1860 Itaque
868 1778 1038 1861 Langeuus
1050 1781 1074 1862 ¹)
1103 1779 1282 1844 rectissime
1317 1773 1477 1840 conclusit

283 1878 506 1944 Carchedonio
541 1879 617 1964 (aot.
643 1881 696 1960 lv,
721 1881 759 1965 V)
788 1883 852 1964 (Α),
886 1902 982 1963 quarn
1018 1883 1183 1965 exemplar
1211 1878 1344 1944 Poenuli
1377 1877 1478 1941 fuisse

282 1982 409 2066 prologi
447 2003 561 2047 versus
583 1983 673 2065 ¹532)
707 1984 815 2062 docet,
853 2006 873 2049 a
908 1985 1020 2049 Plauto
1059 1985 1299 2049 contaminente
1337 1982 1476 2044 alterum

284 2085 451 2169 exemplar
486 2088 561 2169 (aot.
595 2086 618 2165 Ι,
653 2087 712 2169 ΙΙΙ)
749 2109 941 2172 anonymum
973 2087 1028 2171 (B)
1060 2090 1216 2153 insertum
1251 2107 1329 2188 esse.
1386 2084 1479 2162 Quae

284 2189 455 2266 sententia,
479 2210 577 2271 quam
603 2190 669 2255 Leo
692 2191 725 2275 (l.
751 2213 776 2255 c.
799 2191 998 2276 p.154s155)
1022 2199 1153 2256 secutus
1177 2197 1236 2269 est,
1264 2190 1316 2254 his
1348 2205 1480 2270 quoque

284 2292 486 2374 argumentis
510 2292 729 2369 confirmatur.
815 2278 818 2284 ¹

371 2395 451 2460 Illae
468 2396 552 2460 duae
573 2417 702 2467 sorores
718 2399 813 2476 enim,
836 2419 919 2481 quae
942 2395 1092 2482 inuans
1115 2399 1221 2482 prima
1236 2397 1291 2480 (B)
1306 2393 1482 2478 prodeunt,

283 2499 373 2564 haud
396 2501 511 2582 exigue
527 2521 547 2564 a
563 2502 739 2579 sororibus,
764 2522 845 2584 quas
868 2503 899 2565 in
917 2501 1043 2566 actibus
1061 2502 1103 2566 IV
1121 2509 1153 2565 et
1171 2503 1194 2564 l'
1211 2502 1266 2585 (h)
1286 2497 1480 2571 invenimus,

285 2602 474 2689 abhorrent.
512 2603 549 2668 In
565 2604 592 2667 B
607 2604 760 2670 mulieres
782 2606 968 2670 meretrices
985 2625 1055 2670 esse
1071 2605 1166 2670 huius
1183 2610 1337 2688 quaestus
1353 2601 1481 2684 peritas

286 2728 358 2771 oum
383 2706 439 2771 alii
454 2728 575 2773 -versus
599 2729 736 2773 scaenae
759 2710 773 2773 Ι
797 2715 815 2773 2
840 2709 879 2794 (v.
905 2714 1030 2791 235sq.‚
1054 2715 1125 2788 285,
1149 2710 1224 2791 304)
1252 2707 1388 2771 edocent
1411 2713 1483 2766 tum

285 2831 398 2875 versus
422 2815 610 2877 265-270:

290 2953 425 3014 Turbost
447 2971 529 3014 uuae
552 2957 640 3029 opud
661 2971 758 3015 erum.
783 2973 824 3016 eru
848 2961 876 3015 te
898 2955 939 3016 ihi
962 2957 1010 3014 uis
1031 2956 1112 3016 inter
1135 2957 1211 3015 istos
1233 2953 1395 3013 uersors'er

288 3058 455 3128 Prosedus,
473 3059 627 3130 pistorum
651 3059 776 3130 amieos,
800 3059 949 3133 reliquias
972 3059 1131 3130 altcarius,
1157 3037 1160 3044 ¹

289 3161 433 3232 Miserae,
454 3161 586 3219 schoeno
609 3160 770 3233 delibutos,
794 3164 994 3220 seruolt'eolos
1017 3163 1173 3233 sordidus,

291 3265 377 3336 Quae
401 3263 455 3322 tihi
477 3264 562 3322 olunt
583 3263 736 3323 stabulum
758 3269 938 3338 statumque,
961 3267 1066 3324 sellem
1090 3271 1120 3324 et
1138 3265 1316 3324 sessibulum
1338 3277 1467 3330 merum,

292 3368 376 3438 Quos
400 3369 478 3425 odeo
500 3367 562 3424 heu
579 3367 739 3446 quisquam
754 3384 895 3441 umquem
918 3367 996 3426 liber
1021 3369 1119 3442 reeicit
1135 3385 1232 3441 neque
1249 3366 1339 3426 duait
1355 3367 1487 3432 (luorum,

289 3470 489 3528 Seruolorum
510 3469 740 3528 sordidulorum
762 3477 866 3530 scorto
890 3470 1084 3530 diobolaris?

378 3604 469 3680 Quae
496 3602 597 3665 verba
628 3603 788 3666 neminem
817 3607 1027 3686 pronuntiare
1056 3625 1150 3687 posse
1181 3605 1243 3666 nisi
1274 3623 1357 3685 quae
1391 3619 1487 3662 aram

290 3705 535 3787 frenqueutavit
558 3705 629 3768 luce
654 3704 773 3769 clarius
797 3712 855 3770 est.

380 3947 405 4011 D
432 3943 1492 4014 RImngenlc.ulffl:„MmmsEmmmmimesmmmfflmn

292 4033 356 4084 dass
385 4031 435 4083 der
459 4029 637 4098 griechlseha
663 4030 782 4084 Dichter
806 4033 835 4082 in
860 4031 951 4084 dieser
977 4031 1204 4100 unbegrilndeten
1223 4030 1318 4083 Weiss
1344 4029 1413 4082 zuei
1441 4027 1492 4079 In-

292 4119 404 4186 trigucn
430 4117 481 4167 mit
504 4115 651 4183 doppelter
669 4114 809 4186 Wirlrung
834 4116 1167 4185 nebeneinandergestellt
1190 4116 1280 4170 haben
1303 4115 1392 4168 sollte.
1430 4113 1493 4165 An-

292 4204 358 4256 ders
377 4202 503 4270 [lagegen
521 4201 591 4269 liegt
609 4201 654 4254 die
668 4200 766 4268 Socha
785 4219 864 4254 wenn
882 4202 932 4253 wir
950 4203 1113 4268 annehmen,
1132 4201 1193 4254 dass
1206 4199 1330 4267 Plautus,
1349 4217 1397 4252 um
1409 4198 1494 4252 mehr

292 4284 1492 4354 fflmmfflQmfflwamfflmmNJmQfflm

292 4373 440 4426 zuheren
458 4390 492 4424 zu
510 4372 641 4439 steigesn‚
663 4373 729 4424 zwei
749 4371 774 4422 V
778 4372 888 4439 orlageu
910 4373 958 4424 unit
977 4373 1107 4424 einander
1124 4364 1320 4448 honhaminicrt
1339 4371 1412 4423 hat.“

380 4477 409 4543 2)
429 4474 520 4531 Prol.
541 4494 565 4530 v.
586 4476 633 4531 53:
655 4475 877 4543 „Carchedonius
896 4479 1010 4528 uocatur
1028 4475 1095 4529 haee
1115 4475 1282 4528 comoedia.“
