3390 5298
803 553 1018 616 ...28-

400 722 512 806 Neque
538 721 655 787 desunt
675 722 759 786 aliae
783 722 1022 806 discrepantiae
1043 723 1129 787 inter
1152 721 1165 786 1
1192 728 1204 786 1
1233 730 1265 788 et
1286 725 1301 789 I
1326 729 1343 789 3
1366 727 1505 809 positae.

314 827 419 893 Versu
442 832 503 893 325
521 827 606 892 enim
621 826 726 891 Ballio
743 847 813 891 sese
829 827 1037 892 Phoenicium
1060 848 1124 892 nou
1140 827 1203 892 iam
1217 828 1362 895 venalem
1376 829 1504 895 habere
1553 825 1556 829 ’

314 931 402 996 dicit.
448 931 538 1011 Quae
558 930 659 994 verba
682 929 923 1000 adulescentem
948 952 1072 996 summo
1096 932 1215 1015 gaudio
1232 931 1380 998 afficiunt
1395 940 1506 1000 ratum

314 1034 522 1100 Phoenicium
551 1055 590 1099 ea
618 1033 658 1098 de
689 1055 789 1099 causa
819 1055 882 1098 nou
913 1034 1059 1102 venalem
1087 1056 1166 1115 esse,
1199 1036 1285 1119 quod
1318 1036 1391 1100 leno
1414 1037 1505 1102 illam
1539 1033 1543 1040 ’

314 1139 434 1204 nemini
468 1138 530 1202 nisi
567 1136 717 1202 Calidoro
752 1139 814 1221 ipsi
852 1137 990 1202 vendere
1026 1139 1060 1202 in
1091 1139 1197 1203 animo
1229 1139 1358 1204 habeat.
1413 1142 1505 1220 Quae

313 1241 468 1306 Ballionis
491 1242 598 1320 verba,
622 1262 818 1324 quamquam
832 1263 891 1324 per
913 1263 947 1306 se
963 1243 1116 1325 ambigua
1134 1248 1216 1320 sunt,
1240 1249 1349 1308 tamen
1366 1243 1408 1308 ab
1425 1245 1505 1308 adu-

223 1364 224 1368 ’
312 1346 454 1410 lescente
481 1345 599 1410 litteris
628 1346 668 1410 de
699 1345 881 1410 venditione
919 1346 1034 1410 edocto
1070 1348 1118 1410 ita
1153 1347 1370 1429 intellegenda
1409 1355 1504 1413 erant

314 1449 521 1514 Phoenicium
554 1469 593 1514 ea
622 1450 662 1514 de
692 1469 791 1514 causa
820 1449 964 1514 venalem
997 1471 1060 1514 nou
1089 1471 1174 1530 esse,
1213 1450 1300 1533 qnod
1331 1451 1403 1515 leno
1430 1473 1502 1515 eam

313 1555 377 1616 iarn
399 1553 493 1618 militi
516 1553 705 1619 vendiderit.

398 1657 575 1722 Praeterea
611 1657 688 1736 dies,
726 1678 789 1739 quo
824 1657 1029 1722 Phoenicium
1065 1679 1085 1722 a
1117 1656 1219 1721 milite
1249 1657 1425 1722 abductum
1462 1659 1504 1722 iri

314 1760 442 1839 dicitur,
464 1761 497 1824 in
520 1760 585 1824 alia
601 1781 719 1825 scaena
734 1761 799 1824 alia
815 1765 1021 1825 memoratur.
1056 1761 1159 1825 Versu
1180 1765 1220 1825 58
1237 1782 1283 1843 sq.
1301 1761 1386 1825 enirn
1403 1761 1504 1826 Pseu-

316 1863 408 1928 dolus
431 1864 525 1928 dicit:
1161 1889 1162 1892 ¹

830 1957 869 2015 Ei
891 1957 940 2016 rei
961 1957 1026 2016 dier

459 2058 543 2120 Haec
560 2061 795 2134 praestiterant:
812 2076 971 2134 proxumo
994 2059 1144 2136 Dionysio

314 2163 347 2222 et
369 2157 538 2224 Calidorus
560 2159 752 2242 respondet:

465 2265 542 2328 Oros
565 2283 602 2326 eo
625 2268 746 2341 quidam
768 2274 847 2327 caat.

315 2355 417 2430 Simili
441 2365 536 2430 modo
561 2364 730 2430 Calidorus
752 2386 848 2430 versu
871 2371 911 2430 82
934 2365 1029 2430 dicit:

460 2474 518 2534 Ille
540 2474 731 2535 abducturus
754 2480 800 2534 est
820 2476 976 2534 mulierem
1002 2491 1084 2534 cros.

399 2573 520 2638 Contra
532 2573 624 2638 miles
644 2594 707 2637 non
720 2594 802 2652 cras,
821 2573 877 2638 sed
896 2573 950 2638 illo
965 2573 1031 2638 iam
1054 2572 1106 2637 die
1123 2574 1289 2639 mulierem
1303 2573 1504 2640 abducturus

314 2682 363 2742 est
384 2675 560 2742 secundnm
584 2697 721 2741 scaenae
743 2677 861 2742 tertiae
885 2697 996 2742 versus
1018 2679 1171 2762 evaleat:

441 2785 508 2844 Nisi
529 2786 602 2845 miti
624 2786 715 2846 hodie
738 2786 877 2845 attulerit
896 2787 981 2844 miles
1005 2787 1138 2860 quiaque
1161 2803 1238 2860 quos
1260 2786 1347 2846 deber
1372 2787 1481 2858 nrirror,

443 2888 529 2948 Sicut
549 2890 627 2948 hoec
649 2895 694 2948 err
711 2891 900 2963 praestitura
922 2906 1036 2948 ceramo
1059 2891 1087 2948 ei
1108 2896 1238 2966 erpento
1263 2891 1328 2950 dier
1351 2905 1416 2968 eqs.

401 2987 536 3070 Harpax
559 3008 594 3051 re
618 3008 694 3051 vcra
716 2988 812 3053 hodie
834 2988 964 3052 advenit
975 2990 1009 3073 ¹).

402 3091 533 3156 Minime
556 3092 737 3156 verisimilis
754 3099 804 3156 cst
826 3093 987 3156 sententia
1008 3094 1043 3156 A.
1061 3092 1221 3156 Schmittii
1245 3091 1277 3176 (l.
1292 3113 1317 3155 c.
1334 3115 1365 3175 p.
1393 3094 1503 3180 28129)

313 3194 488 3260 indicantis
509 3194 702 3260 Pseudolum
739 3201 772 3259 et
795 3195 980 3261 Calidorum
1004 3195 1207 3261 dissimulare
1239 3215 1273 3260 se
1296 3195 1388 3274 scire,
1422 3197 1502 3278 quid

314 3299 453 3364 Ballioni
478 3321 550 3363 oum
574 3299 675 3363 milite
699 3300 901 3379 convenerit3
937 3321 1010 3363 nam
1044 3319 1163 3364 scaeua
1185 3300 1234 3362 13
1258 3299 1499 3364 adulescentem

316 3402 423 3468 adhuc
445 3403 597 3486 ignorare
622 3404 758 3466 amicam
789 3424 878 3468 suam
910 3403 1072 3466 venditam
1104 3421 1173 3466 esse
1204 3409 1236 3465 et
1265 3423 1350 3466 nnnc
1374 3402 1502 3468 demum

314 3507 438 3571 lenonis
461 3505 568 3571 verbis
602 3505 664 3570 hac
694 3506 733 3570 de
757 3527 792 3570 re
816 3507 987 3571 certiorem
1017 3505 1087 3570 fieri
1118 3505 1279 3589 proponit,
1310 3510 1346 3569 ut
1381 3508 1501 3588 optime

398 3697 425 3762 1)
445 3696 604 3751 Secundum
634 3694 669 3748 A.
698 3695 838 3749 Schmittii
859 3693 912 3762 (De
931 3693 1064 3748 Pseudoli
1083 3693 1227 3748 Plautinae
1247 3691 1373 3764 exemplo
1392 3694 1500 3764 Attico,

313 3784 495 3854 Argentorati
521 3787 595 3850 1909,
614 3803 640 3854 p.
654 3783 724 3848 9,·'10,
749 3781 839 3851 22123)
866 3781 1030 3836 sententiam
1053 3781 1116 3834 illae
1144 3780 1346 3849 discrepantiae
1370 3799 1403 3835 eo
1424 3787 1501 3836 ortae

314 3873 392 3938 sunt,
417 3871 491 3938 quod
508 3870 571 3924 leno
589 3871 617 3923 in
639 3869 746 3925 Graeca
763 3867 855 3923 sabula
873 3886 927 3922 non
947 3868 1020 3922 diem
1039 3868 1174 3936 natalem¹
1200 3866 1249 3920 sod
1266 3865 1401 3936 Dionysia
1419 3867 1502 3921 hodic

313 3955 517 4011 celebravisset.
544 3955 673 4010 Plautum
682 3960 782 4021 autem,
796 3972 858 4008 oum
869 3953 975 4008 Romae
985 3952 1120 4022 Dionysia
1132 3970 1187 4006 non
1200 3956 1355 4021 agerentur,
1373 3953 1501 4006 lenonem

313 4041 387 4095 diam
413 4042 533 4098 natalem
560 4043 747 4098 celebrantem
774 4041 922 4094 induxisse.
957 4040 1062 4095 Tamen
1083 4043 1196 4108 poetam
1215 4038 1344 4092 Latinum
1363 4039 1501 4094 nonnullis

312 4129 341 4180 in
368 4129 474 4182 scaenis
491 4127 626 4198 Dionysia
650 4147 704 4182 non
730 4129 870 4194 omisisse,
898 4128 946 4180 sed
973 4144 1034 4180 oras
1052 4125 1187 4196 Dionysia
1205 4143 1279 4193 esse,
1307 4143 1367 4179 cras
1386 4126 1501 4179 militem

311 4217 457 4266 venturum
476 4232 535 4269 esse
553 4215 647 4270 dicere
664 4215 791 4282 voluisse,
813 4214 888 4282 quod
906 4231 935 4266 re
953 4231 1017 4266 vera
1034 4213 1159 4267 versibus
1177 4214 1211 4265 58
1223 4231 1262 4281 sq.
1282 4217 1310 4265 et
1329 4213 1362 4265 82
1380 4213 1499 4268 fecisset.

313 4299 422 4354 Ceteris
435 4304 527 4354 autem
538 4302 607 4355 locis
620 4300 749 4354 Plautum
762 4302 894 4354 erravisse
908 4305 936 4353 et
950 4300 1062 4367 ‚,hodie“
1077 4299 1229 4366 scripsisse.
1257 4297 1313 4351 Sed
1325 4315 1369 4352 me
1389 4299 1500 4366 quidem

313 4385 406 4438 iudice
424 4384 538 4440 Plautus
556 4385 698 4456 Dionysia,
720 4388 744 4439 si
762 4405 792 4440 re
810 4403 875 4440 vera
892 4387 931 4439 ita
949 4403 965 4437 a
985 4384 1185 4438 consuetudine
1203 4382 1393 4437 Romanorum
1412 4383 1501 4437 aliena

312 4469 438 4542 fuissent,
457 4473 584 4530 omuibus
601 4473 671 4528 locis
688 4472 860 4527 removisset.
