3390 5298
774 570 821 598 .—
866 536 906 596 24
940 568 993 596 .-

284 788 288 795 ζ
393 710 457 794 Sea
478 711 631 771 inemolooi
654 728 751 786 opnor
773 727 829 771 nec
844 712 935 785 potui
957 716 1056 771 tooren

393 815 562 889 Propitiorn
591 814 735 897 Venerem
752 819 864 891 socero
885 816 930 874 oti
953 820 1032 875 esset
1052 814 1133 885 miti,

262 1000 266 1005 ἱ
288 934 399 978 servus
421 914 550 977 nuntiat
572 899 719 978 versibus
741 915 897 999 847l848:

395 1023 484 1083 Nono
507 1025 625 1083 domum
647 1024 724 1082 toec
746 1022 783 1082 ot
807 1024 879 1083 oeds'
908 1022 1032 1082 Veneris
1054 1021 1162 1094 resero
1186 1039 1280 1093 noso,
1297 1020 1348 1082 uti
1371 1021 1477 1081 hostiis

390 1127 474 1185 Erae
496 1127 635 1200 nequiuit
656 1128 830 1201 propitiare
860 1113 1004 1186 Venerem
1026 1144 1081 1186 sno
1103 1124 1183 1198 festo
1208 1127 1266 1185 die.

374 1225 522 1290 Alterum
533 1232 641 1290 autem
651 1232 877 1308 argumentum
885 1226 1000 1290 Leonis
1012 1227 1036 1309 1)
1047 1225 1270 1290 contendentis
1283 1224 1477 1290 sacrificium

289 1329 467 1394 infaustum
487 1328 611 1394 lenonis
634 1329 846 1394 Carchedonii
870 1329 924 1414 (A)
948 1331 1155 1411 anagnorisin
1175 1331 1337 1413 respicere
1360 1329 1478 1393 nullius

289 1433 443 1497 momenti
475 1454 544 1497 esse
575 1432 828 1513 mihi⁴videtur3
865 1454 939 1496 nam
970 1432 1164 1499 sacrificium
1194 1433 1307 1498 eodem
1337 1433 1406 1496 iure
1437 1432 1478 1496 ad

291 1537 511 1601 calamitatem
543 1536 666 1600 lenonis
684 1538 848 1620 pertinere
870 1543 992 1620 potest,
1021 1559 1117 1619 quam
1141 1538 1174 1600 in
1196 1536 1308 1601 fabula
1331 1536 1358 1600 B
1382 1536 1478 1619 capit,

289 1641 322 1704 in
338 1661 404 1721 qua
419 1640 493 1705 dolo
513 1661 571 1723 per
587 1639 797 1723 Milphionem
821 1642 1004 1723 excogitato
1026 1642 1213 1706 meretrices
1237 1642 1267 1704 ei
1289 1640 1478 1723 eripiuntur.

289 1743 634 1828 IamFranckenus2)
660 1745 693 1806 in
714 1765 751 1807 eo
775 1742 923 1821 offendit,
954 1745 1040 1828 quod
1063 1745 1096 1808 in
1116 1744 1224 1809 Plauti
1247 1742 1389 1808 Poenulo
1414 1743 1476 1807 duo

235 1847 238 1852 ’
290 1849 409 1913 milites
424 1849 457 1912 in
473 1868 624 1911 scaenam
638 1846 808 1930 prodeunt.
852 1849 888 1911 ln
905 1854 980 1912 actu
1003 1847 1144 1914 secundo
1167 1849 1252 1912 enim
1273 1846 1366 1910 miles
1382 1850 1480 1910 Anta-

290 1952 453 2017 moenides
482 1952 516 2014 in
548 1971 698 2014 scaenam
721 1950 847 2034 prodit,
878 1953 910 2015 in
934 1958 1010 2015 actu
1025 1953 1123 2016 tertio
1146 1950 1347 2016 Collabiscus
1369 1949 1478 2014 militis

290 2055 406 2120 habitu
421 2056 600 2120 instructus
615 2054 789 2118 inducitur.
826 2054 906 2119 Cum
921 2055 974 2118 vix
995 2055 1149 2120 credibile
1172 2055 1214 2119 sit
1232 2055 1265 2119 in
1286 2074 1350 2118 uno
1374 2075 1477 2117 exem-

290 2159 376 2243 plari
400 2159 526 2223 Graeco
551 2158 631 2223 duos
653 2157 772 2222 milites
795 2159 827 2222 in
848 2179 999 2222 scaenam
1020 2158 1190 2241 prodiisse,
1212 2158 1385 2222 verisimile
1409 2179 1479 2222 esse

290 2262 369 2327 mihi
395 2261 524 2327 videtur
552 2260 818 2326 Antamoenidem
847 2257 982 2326 alterius
1013 2261 1206 2345 exemplaris
1233 2262 1350 2328 Graeci
1382 2266 1479 2344 atque

291 2364 506 2430 Collabiscum
529 2366 548 2428 i.
574 2385 599 2428 e.
624 2363 837 2429 Carchedonii
860 2386 938 2430 esse.

377 2469 492 2558 Paucis
521 2468 629 2533 verbis
651 2489 736 2532 nunc
759 2469 979 2551 quaerendum
1003 2475 1061 2546 est,
1086 2490 1181 2550 quem
1203 2468 1310 2532 locum
1334 2468 1425 2532 miles
1447 2470 1480 2532 iu

290 2572 511 2637 Carchedonio
527 2571 688 2636 habuerit.
723 2572 969 2655 Franckenus3)
986 2573 1070 2636 enim
1093 2572 1237 2648 militem,
1262 2573 1352 2635 cuius
1374 2593 1479 2636 mores

290 2678 324 2742 in
357 2676 484 2740 Graeca
513 2674 626 2739 fabula
656 2697 720 2740 non
748 2678 796 2740 ita
826 2677 994 2759 depravati
1031 2675 1169 2752 fuerint,
1205 2675 1417 2754 Anterastilin
1448 2677 1481 2738 in

290 2780 531 2843 matrimonium
555 2778 685 2843 duxisse
707 2786 812 2862 putat.
848 2780 937 2843 Haec
959 2780 1120 2843 sententia
1138 2800 1177 2842 ne
1194 2779 1290 2842 Leoni
1300 2778 1329 2861 4)
1352 2779 1481 2862 quidem

290 2881 513 2966 improbabilis
535 2881 663 2946 videtur
686 2904 764 2947 esse.
810 2883 874 2946 Sed
899 2883 963 2946 duo
986 2887 1178 2964 argumenta
1199 2881 1392 2946 Franckenii
1414 2883 1482 2965 opi-

290 2988 377 3050 nioni
403 3006 587 3069 repugnare
614 2985 692 3049 mihi
722 2985 880 3051 videntur.
925 2987 1068 3051 Primum
1101 2987 1183 3050 enim
1212 3006 1317 3049 mores
1341 2987 1480 3050 omnium

379 3161 403 3226 1)
427 3157 500 3212 Leo
520 3159 536 3211 l.
557 3175 580 3212 c.
599 3177 626 3226 p.
641 3160 706 3213 158:
736 3157 823 3226 „Dans
849 3159 898 3211 der
922 3157 1072 3227 Haruspex
1099 3158 1152 3211 den
1177 3157 1278 3211 beiden
1304 3157 1479 3212 Schwestern

179 3243 180 3246 ’
289 3245 443 3300 verkiindet
453 3246 509 3312 hat,
528 3245 568 3298 sie
581 3244 694 3298 wiirden
706 3245 735 3298 in
748 3245 872 3314 wenigen
885 3245 979 3314 Tagen
998 3245 1042 3297 die
1055 3243 1179 3298 Freiheit
1193 3245 1323 3313 erlangen
1342 3245 1420 3310 (1205
1430 3248 1481 3314 sq.)

290 3333 328 3386 ist
347 3331 470 3386 offenbar
488 3331 532 3384 fiir
551 3331 595 3384 die
614 3330 704 3384 Scene
723 3331 773 3384 der
792 3325 978 3398 ἄναγνιόρισις
996 3331 1149 3408 erfundon3
1174 3330 1230 3383 und
1248 3348 1279 3383 so
1299 3331 1394 3399 bringt
1413 3330 1483 3401 Syn-

291 3422 415 3472 cerastus
428 3435 457 3472 es
468 3434 526 3484 vor,
547 3417 586 3470 als
599 3415 754 3486 Gegensatz
768 3433 859 3485 gagen
877 3416 931 3470 den
949 3416 1033 3472 iiblen
1045 3415 1143 3485 Erfolg
1162 3418 1250 3470 seinos
1262 3416 1371 3484 Herrn;
1391 3417 1480 3470 dieser

291 3505 357 3558 aber
374 3503 514 3556 berichtet
531 3502 702 3555 ausfiihrlich
719 3503 787 3556 iiber
805 3503 849 3555 die
868 3502 957 3556 Sachc
976 3505 1027 3556 449
1039 3504 1095 3570 sq.“

377 3590 403 3656 2)
424 3588 453 3642 Ο.
466 3587 505 3642 Μ.
525 3587 714 3642 Francken
732 3589 750 3641 l.
770 3606 794 3642 c.
812 3607 839 3657 p.
854 3591 915 3642 169:
937 3587 1101 3656 „Praeterea
1120 3590 1215 3642 militis
1235 3607 1354 3658 persona
1367 3591 1478 3644 omnino

290 3675 381 3729 minus
406 3679 471 3744 apta
496 3674 542 3727 hic
568 3678 625 3728 est:
652 3673 840 3744 Collybiscum
859 3691 967 3742 quoque
986 3675 1082 3727 militis
1101 3673 1231 3744 Spartani
1254 3674 1352 3729 habitu
1369 3676 1479 3730 induxit
1507 3695 1511 3701 ·

291 3759 421 3829 Plautus;
440 3761 567 3814 varietati
580 3761 677 3814 melius
691 3761 883 3827 consuluisset,
904 3762 927 3813 si
945 3764 1057 3813 nautam
1068 3765 1286 3814 mercatoremve
1299 3761 1478 3817 induxisset.“

273 3869 276 3874 ·
376 3849 403 3914 3)
421 3844 610 3900 Francken
628 3847 645 3900 l.
660 3864 683 3899 c.
702 3865 728 3915 p.
744 3849 808 3900 170:
830 3846 902 3914 „Sed
914 3847 1079 3900 Anterastili
1092 3847 1158 3915 quid
1177 3846 1226 3900 fiat
1242 3847 1344 3902 incerti
1365 3848 1482 3903 haerent

290 3937 470 4002 spectatores.
488 3963 523 3971 —
542 3931 677 4001 Suspicor
699 3950 789 3986 mores
808 3932 903 3986 militis
922 3951 937 3986 a
955 3931 1054 3986 Plauto
1075 3934 1104 3986 in
1122 3934 1200 4002 peius
1219 3951 1277 3987 esse
1296 3938 1433 4003 mutatos;
1457 3935 1481 3987 is

291 4020 338 4088 qui
365 4019 486 4074 fabulam
504 4018 623 4086 invenit,
648 4020 772 4088 quisquis
791 4020 859 4086 fuit,
885 4036 939 4071 non
959 4023 1016 4072 tam
1035 4019 1181 4072 ridiculum
1201 4025 1230 4073 et
1249 4021 1481 4074 contemnendum

290 4106 371 4160 fiuxit
387 4106 537 4172 homiuem,
556 4109 585 4157 ut
603 4105 782 4159 Anterastilis
803 4123 896 4158 amore
917 4104 1046 4174 indignus
1065 4107 1160 4158 esset.“

377 4193 404 4259 4)
422 4190 495 4245 Leo
513 4191 530 4243 l.
550 4207 573 4244 c.
592 4210 619 4260 p.
634 4192 697 4245 168:
724 4191 780 4258 „Er
803 4192 904 4260 (miles)
930 4192 1040 4245 scheint
1064 4191 1128 4245 dort
1152 4193 1192 4260 (in
1211 4192 1415 4262 Carchedonio)
1428 4195 1479 4248 ein

290 4278 433 4332 dhnliohes
452 4275 609 4330 Verhsltnis
627 4295 661 4330 su
679 4277 857 4332 Anterastilis
875 4278 978 4346 gehabt
996 4296 1029 4330 zu
1046 4278 1137 4333 haben
1156 4280 1213 4332 wie
1224 4279 1425 4349 Agorastoliles
1446 4298 1479 4333 zu

292 4363 502 4433 Adelphasium.
537 4362 590 4418 Die
604 4362 779 4432 Vormutung
796 4363 969 4430 Franckens,
989 4364 1050 4418 dass
1069 4365 1106 4416 im
1125 4362 1249 4434 Original
1267 4365 1338 4418 auch
1353 4366 1418 4433 jone
1437 4367 1480 4419 ein

291 4449 363 4503 Paar
383 4448 504 4518 worden,
524 4450 647 4518 gewinnt
665 4449 788 4516 dadurcl]
806 4467 841 4502 an
860 4448 1181 4514 Wahrschcinlichkeit.“
