3390 5298
769 579 985 642 ..52-

286 748 359 815 Huo
381 748 517 828 accedit,
543 748 628 832 quod
653 749 824 814 verisimile
847 769 911 812 non
935 754 984 814 est
1006 749 1178 828 Donatum,
1203 749 1312 832 quiin
1337 749 1473 814 adnota-

285 856 373 919 tione
411 855 452 918 ad
489 875 616 918 versum
652 853 777 935 prologi
823 859 861 916 14
897 852 1094 917 Perinthiam
1140 853 1306 936 exemplar
1348 854 1473 937 primae

285 978 421 1022 scaenae
454 977 524 1022 esse
562 955 728 1040 perlucide
765 955 929 1034 indicavit,
966 956 1028 1020 hoc
1062 957 1133 1021 loco
1171 959 1319 1022 universe
1352 957 1473 1022 dixisse

283 1082 375 1140 „nam
408 1081 471 1124 non
499 1067 574 1125 sunt
602 1059 688 1143 apud
719 1059 961 1138 Menandrum“,
991 1066 1027 1123 ut
1050 1059 1240 1143 Spengalius
1253 1062 1277 1144 ¹)
1308 1067 1397 1126 reete
1424 1063 1474 1124 in·

240 1192 242 1197 ·
283 1164 417 1230 tellexit.
455 1165 601 1247 Denique
618 1164 765 1228 Donatus
786 1164 819 1227 in
843 1162 1053 1228 adnotatione
1078 1164 1119 1231 ad
1142 1164 1268 1247 prologi
1287 1186 1413 1230 versum
1434 1170 1473 1228 14

285 1268 386 1334 allata
409 1268 463 1352 (1.
487 1291 518 1351 p.
541 1270 596 1351 41)
626 1267 666 1332 de
689 1267 961 1332 contaminatione
991 1267 1063 1350 ipsa
1086 1268 1162 1350 agit.
1208 1269 1323 1350 ltaque
1353 1267 1402 1332 vel
1433 1289 1474 1332 ex

284 1393 331 1451 eo,
355 1372 442 1454 quod
465 1371 641 1436 scholiasta
664 1371 719 1435 illo
740 1370 811 1435 locu
833 1370 964 1435 Charini
988 1377 1021 1434 et
1041 1371 1175 1454 Byrrius
1197 1372 1391 1436 mentionem
1408 1393 1472 1435 non

284 1475 372 1555 facit,
396 1474 469 1540 illas
491 1495 647 1558 personas
670 1474 937 1538 contaminationi
960 1495 1023 1538 non
1052 1472 1162 1538 deberi
1189 1466 1374 1540 concludas

733 1687 772 1746 11.
795 1686 839 1748 De
862 1686 1022 1763 Adelphis.

370 1805 460 1888 §22
498 1803 624 1882 Quam
647 1802 853 1867 rationem
877 1803 1107 1867 Terentius
1129 1804 1167 1866 in
1191 1789 1472 1885 Adelphorum

283 1908 430 1973 fabula
459 1905 743 1991 componenda
774 1914 947 1970 secutus
977 1908 1049 1986 sit,
1088 1907 1191 1972 verha'
1220 1912 1337 1991 poetae
1371 1909 1473 1991 ipsius

282 2013 376 2096 (prol.
401 2034 428 2076 v.
450 2013 568 2092 6-11)
592 2009 722 2074 docent:

428 2119 748 2195 Synapothnescontes
772 2118 889 2192 Diphili
912 2120 1111 2192 namneticam

414 2224 506 2282 hom
535 2221 767 2282 Commorientes
791 2221 918 2282 Plantas
941 2221 1017 2293 fecit
1039 2220 1197 2297 schalom„

428 2327 465 2385 In
491 2325 612 2385 Graeco
636 2328 818 2386 adulescens
841 2332 896 2397 est,
920 2327 972 2400 qni
995 2328 1096 2385 lenoni
1117 2327 1210 2400 eripit

431 2430 633 2502 Meretricem,
656 2431 687 2487 in
704 2431 811 2503 primu
830 2427 958 2501 subuln;
981 2447 1048 2489 enm
1071 2430 1200 2489 Plantas
1222 2432 1319 2489 lecum

331 2583 332 2586 ,
429 2534 565 2608 Reliquit
587 2533 755 2606 inteprnm;
780 2549 847 2592 enm
869 2534 919 2592 hic
942 2523 1038 2592 locam
1060 2534 1188 2607 sumpsit
1209 2533 1267 2592 sihi

428 2638 466 2696 In
489 2630 652 2711 Adelphos,
676 2636 802 2696 uerhnm
825 2639 863 2697 de
886 2637 980 2697 uerbo
1004 2653 1184 2711 expressum
1206 2637 1324 2696 eontulit.

371 2753 534 2837 Adelphos
563 2752 705 2817 fabulam
737 2753 908 2818 Menandri
937 2753 1036 2817 fuisse
1060 2774 1077 2817 e
1101 2753 1208 2818 verbis
1235 2760 1266 2817 et
1290 2753 1436 2818 Suetonii
1447 2754 1474 2837 2)

283 2864 316 2922 et
338 2858 459 2922 Donati
470 2857 497 2940 3)
521 2856 635 2921 elucet.
681 2859 783 2936 Quam
814 2859 846 2920 in
874 2855 1019 2921 fabulam
1050 2856 1279 2921 Menandream
1304 2858 1474 2922 Terentius

283 2983 300 3026 e
313 2959 689 3045 Synapothnescontibus
704 2960 826 3043 Diphili
839 2981 911 3024 eum
924 2962 1028 3025 locum
1042 2961 1186 3038 inseruit,
1208 2981 1272 3043 quo
1285 2961 1475 3025 adulescens

282 3065 390 3129 lenoni
412 3065 615 3128 meretricem
639 3065 744 3147 eripit.
780 3064 817 3128 In
836 3065 993 3147 psaltriae
1017 3069 1114 3148 raptu
1137 3072 1362 3146 argumentum
1381 3064 1475 3135 Adel-

282 3168 420 3251 phorum
451 3168 591 3251 positum
624 3175 680 3232 est.
726 3168 842 3250 Itaque
871 3189 981 3232 omnes
1009 3167 1068 3230 viri
1100 3167 1186 3231 docti
1216 3167 1420 3230 consentiunt
1442 3167 1474 3230 in

286 3272 454 3336 Menandri
473 3271 626 3355 Adelphis
650 3272 739 3336 illum
763 3277 894 3355 raptum
917 3272 972 3350 eie,
996 3273 1051 3353 qui
1075 3277 1311 3354 spectaverunt,
1335 3276 1476 3334 tantum·

282 3376 377 3438 modo
394 3383 562 3440 narratum
580 3396 659 3439 esse.
683 3376 708 3438 '1
711 3377 852 3440 erentius
870 3381 988 3454 autem,
1013 3381 1049 3438 ut
1064 3374 1207 3439 fabulam
1223 3375 1346 3438 maiore
1366 3375 1475 3456 vigore

282 3479 501 3562 perfunderet,
526 3479 693 3543 consilium
718 3479 804 3564 cepit
825 3479 912 3543 illius
934 3478 982 3542 rei
1006 3478 1038 3542 in
1062 3498 1212 3542 scaenam
1235 3477 1472 3560 producendae.

286 3582 363 3645 Cum
381 3582 561 3663 exemplum
580 3591 761 3664 quaereret,
778 3583 865 3665 quod
881 3587 1081 3664 sequeretur,
1099 3580 1220 3664 Diphili
1236 3581 1478 3666 Synapothnes-

286 3691 397 3747 contes
420 3685 550 3762 invenit,
574 3705 638 3767 qua
658 3705 674 3748 e
698 3685 810 3750 fabula
834 3685 921 3749 illam
946 3705 1096 3749 scaenam
1120 3691 1287 3751 mutuatus
1310 3693 1367 3750 est.

287 3809 493 3820 —-.—.,...-

370 3858 397 3923 1)
417 3855 578 3925 Spengel
600 3857 618 3909 l.
632 3874 656 3910 c.
675 3876 702 3926 p.
715 3859 779 3910 608:
799 3856 959 3924 „Whhrend
971 3874 1002 3909 er
1014 3855 1128 3924 (Donat)
1147 3857 1193 3910 bei
1208 3857 1288 3925 jener
1307 3861 1406 3924 ersten,
1426 3857 1476 3910 der

283 3940 428 3995 Perinthia
453 3948 665 3996 entnommenen
685 3942 774 3996 Scene
798 3941 993 3996 ausdn'icldieh
1019 3942 1063 3994 die
1081 3941 1226 3996 Perinthia
1245 3943 1284 3995 als
1306 3941 1404 4009 Quelle
1430 3944 1477 3995 be-

283 4027 424 4095 zeichnot,
450 4030 536 4081 heisst
562 4047 590 4082 es
609 4029 668 4081 hier
687 4029 794 4082 ainsach
814 4047 869 4081 non
888 4033 951 4081 sunt
971 4028 1045 4096 apud
1064 4027 1256 4081 Menandrum.
1294 4027 1331 4081 So
1350 4029 1427 4082 hatte
1447 4046 1477 4080 er

283 4113 342 4166 sich
368 4115 447 4167 nicht
473 4115 673 4185 ausgedrtickt,
699 4132 728 4168 er
753 4115 831 4168 hiitte
856 4115 901 4167 die
929 4113 1025 4181 Quelle
1051 4115 1205 4183 ehensogut
1231 4119 1353 4182 genannt
1373 4115 1424 4167 wie
1443 4132 1477 4166 an

280 4200 359 4268 jener
378 4199 490 4254 sicher

370 4288 396 4352 2)
417 4285 632 4340 Suetonius:
654 4289 711 4340 vita
729 4285 854 4352 Terenti;
875 4284 909 4338 ei.
925 4283 1029 4339 Donati
1047 4291 1234 4341 commentum
1257 4287 1299 4339 ed.
1311 4285 1478 4340 P.Wassner

284 4371 299 4424 I
325 4375 394 4441 p.5:
425 4391 505 4440 „nam
533 4372 725 4442 Adelphorum
755 4373 922 4441 principium
952 4371 1041 4424 Varro
1071 4374 1153 4426 etiam
1180 4373 1302 4440 praefert
1334 4372 1474 4441 principio

283 4458 453 4511 Mer‘mudrif‘

371 4548 398 4614 ³)
417 4545 457 4601 Of.
477 4545 582 4600 Donati
601 4545 793 4600 adnotationes
812 4541 888 4600 adv.
909 4549 951 4611 81,
971 4549 1030 4616 275,
1049 4549 1107 4615 351,
1126 4548 1184 4600 938.
