3390 5298
667 545 882 609 ...57-

183 716 378 800 exquireret,
416 737 479 798 quo
519 715 612 780 modo
650 715 786 800 psaltria
824 714 931 779 lenoni
969 718 1082 797 erepta
1112 717 1206 789 esset,
1236 711 1301 776 sire
1333 715 1370 775 ut

181 821 319 886 tratrem
341 821 514 885 abeuntem
538 820 692 903 placaret.
739 822 828 900 Quae
851 819 1012 884 sententia
1028 816 1164 882 Fielitzii
1186 817 1252 880 iam
1270 837 1367 900 prop·

181 932 234 990 ter
270 924 511 1008 simplieitatem
545 924 692 990 Nencinii
728 924 906 989 sententiae
936 919 1151 1005 praeferenda
1183 941 1253 984 esse
1291 919 1369 983 mihi

180 1029 318 1094 videtur.
363 1028 532 1092 Terentius
555 1029 663 1109 igitur,
687 1031 722 1093 ut
744 1033 871 1111 partem
895 1049 911 1091 e
936 1025 1056 1110 Diphili
1083 1024 1196 1089 fabula
1218 1024 1368 1105 desump-

180 1138 249 1197 tam
274 1153 345 1197 cum
369 1131 538 1195 Menandri
563 1131 717 1214 Adelphis
740 1132 962 1196 commisceret
977 1137 1010 1194 et
1034 1127 1270 1213 discrepantias
1294 1147 1369 1190 con·

182 1236 403 1301 taminatione·
418 1241 507 1300 ortas
529 1240 718 1313 removeret,
747 1235 872 1299 initium
905 1233 1035 1299 fabulae
1058 1231 1275 1299 Menandreae
1300 1235 1368 1294 tam

180 1340 265 1406 bene
288 1339 506 1417 commutavit,
530 1345 566 1404 ut
591 1341 693 1403 Varro
714 1338 932 1422 Adelphorum
955 1337 1150 1422 principium
1173 1333 1367 1420 praetulerit

179 1444 341 1527 principio
364 1443 543 1508 Menandri.
1092 1502 1097 1507 .

267 1548 402 1612 Praeter
425 1547 579 1612 Andriam
604 1553 637 1612 et
657 1546 821 1630 Adelphos
838 1545 1013 1610 Eunuchus
1033 1566 1161 1629 quoque
1176 1544 1209 1608 in
1230 1563 1366 1608 numero

181 1638 370 1716 fabularum
393 1651 684 1716 contaminatorum
707 1650 858 1715 habenda
881 1656 939 1714 est.

616 1933 671 1992 nr.
694 1933 738 1994 ue
760 1913 915 1994 nunnoni.

268 2070 359 2150 §TA
408 2067 558 2132 Terentio
592 2069 625 2131 in
662 2067 817 2133 Eunucho
849 2066 1030 2151 exemplum
1061 2065 1161 2130 fuisse
1199 2061 1368 2126 Menandri

180 2171 374 2236 Eunuchum
396 2171 523 2254 prologi
548 2172 691 2236 versibus
720 2172 811 2256 19l20
835 2170 1057 2253 cognoscitur:

558 2314 647 2371 paam
669 2314 751 2357 nnnc
773 2297 875 2358 actnri
896 2313 999 2356 samar

492 2401 659 2460 Menandri
681 2382 870 2460 Enrraalinrn.

145 2489 152 2504 ⁸
181 2517 338 2581 Versibus
364 2517 458 2602 acles
493 2523 601 2581 autem
636 2524 733 2600 poeta
763 2539 801 2602 se
831 2538 848 2581 e
878 2517 993 2582 Colace
1016 2516 1186 2580 Menandri
1213 2533 1369 2598 personas

179 2621 292 2686 militis
315 2626 348 2685 et
369 2620 504 2703 parasiti
529 2621 562 2684 in
585 2620 775 2684 Eunuchum
799 2634 888 2684 suam
913 2620 1118 2684 transtulisse
1139 2617 1302 2682 concedit:

383 2745 478 2806 Colax
501 2746 713 2806 Menandrist:
736 2748 767 2805 in
791 2752 858 2805 east
875 2747 1040 2820 parasitus
1063 2747 1153 2805 colon

247 2867 251 2876 ’
362 2851 420 2908 nt
440 2850 526 2934 miter
547 2851 722 2924 ploriosnr:
746 2867 799 2909 ear
821 2866 855 2909 re
877 2849 927 2908 hic
950 2867 1010 2908 non
1033 2854 1127 2923 nepat

379 2953 532 3013 Personas
555 2955 750 3014 transtulisse
773 2955 804 3012 in
828 2953 1005 3013 Ennachnm
1033 2969 1119 3011 anana

379 3057 428 3116 En
454 3056 584 3117 Graeca.
993 3049 994 3052 ’

267 3193 337 3271 Quo
361 3190 455 3256 modo
471 3190 641 3256 Terentius
664 3191 736 3256 illas
760 3191 840 3256 duas
857 3191 986 3256 fabulas
1003 3189 1281 3266 contaminaverit,
1304 3189 1365 3252 viri

164 3295 270 3360 ‘docti
282 3295 376 3359 valde
391 3295 476 3358 inter
492 3315 526 3359 se
542 3295 745 3360 dissentiunt.
785 3297 830 3360 Ac
845 3296 985 3378 primum
1001 3294 1129 3377 quidem
1147 3292 1368 3376 quaerendum

180 3406 240 3477 est,
264 3420 340 3464 num
363 3399 427 3463 iam
450 3399 482 3462 in
506 3397 675 3462 Menandri
698 3399 854 3463 Eunucho
884 3398 1042 3463 eiusmodi
1064 3417 1224 3481 personae
1248 3395 1369 3460 fuerint

179 3509 220 3580 et,
245 3504 272 3566 si
295 3502 444 3585 ponimus
475 3522 531 3566 eas
554 3501 662 3579 fuisse,
692 3523 767 3566 num
792 3502 823 3565 in
847 3501 904 3566 illa
926 3501 1038 3566 fabula
1065 3503 1098 3564 in
1120 3521 1270 3566 scaenam
1293 3520 1368 3582 pro·

179 3605 310 3672 dierint.

634 3693 640 3704 ο

267 3726 429 3792 Braunius
447 3727 478 3809 (l.
497 3749 522 3790 c.
539 3750 569 3811 p.
587 3729 642 3811 24)
656 3727 796 3804 dubitat,
827 3727 1039 3792 Menandrine
1063 3727 1095 3789 in
1111 3724 1268 3790 Eunucho
1285 3725 1367 3790 alter

177 3836 308 3896 amator
330 3830 439 3894 fuerit.
486 3831 590 3895 Rivali
622 3832 750 3896 omuino
781 3852 862 3915 opus
886 3851 1053 3907 nonense,
1086 3830 1142 3894 sed
1172 3828 1368 3894 discordiam

177 3936 263 3998 inter
285 3933 480 3998 Phaedriam
516 3940 549 3998 et
569 3934 724 3999 Thaidem
760 3956 798 3998 ea
832 3935 872 3998 de
896 3956 995 3998 causa
1030 3954 1099 3998 esse
1131 3939 1245 4011 ortam,
1280 3931 1366 4014 quod

177 4038 331 4102 meretrix
355 4059 428 4102 eum
452 4038 617 4102 reiecisset
641 4043 697 4102 aut
720 4037 909 4102 adulescens
933 4037 1088 4102 Thaidem
1116 4037 1266 4100 descrere
1291 4057 1365 4100 con·

176 4142 346 4206 stituisset.
399 4142 533 4206 Braunii
575 4144 710 4224 vestigia
751 4141 926 4206 Nencinius
970 4141 1003 4225 (l.
1028 4163 1053 4204 c.
1084 4164 1114 4224 p.
1138 4143 1193 4223 89)
1205 4144 1367 4222 tlseoutus

179 4251 231 4309 est
256 4267 389 4310 censens
425 4245 567 4328 puellam
588 4246 621 4310 iu
644 4244 813 4310 Menandri
837 4245 992 4310 Eunucho
1028 4267 1090 4308 non
1121 4245 1271 4321 amilite‚
1310 4243 1366 4308 sed

178 4349 391 4432 iampridem
422 4349 463 4414 ab
489 4349 552 4413 alio
578 4355 722 4413 amatore
746 4350 907 4412 meretrici
940 4349 1093 4413 donatam
1126 4355 1183 4416 aut
1203 4346 1366 4415 iam'inde

128 4447 129 4450 '
180 4474 199 4516 a
221 4448 358 4537 parvula
382 4452 469 4536 apud
494 4452 650 4516 Thaidem
670 4458 900 4516 commoratam
922 4473 1001 4516 esse.
