3390 5298
637 573 855 636 —29-

160 745 273 810 elucet
303 766 320 810 e
350 741 497 809 uersibus
528 745 711 807 341-349:
743 740 815 826 (Ga)
847 745 912 804 Non
944 745 1038 806 tobes
1060 748 1198 806 aeuoiem
1228 747 1356 808 amicam

160 858 197 911 iu
230 869 326 913 meam
358 851 573 911 Phoenicium?
618 845 694 930 (Ba)
725 850 792 909 Noa
823 850 933 923 edepol
961 849 1057 910 tabeo
1094 847 1256 924 profecto:
1286 867 1356 912 uam

158 956 370 1030 iampridem
392 955 530 1014 uendidi.
564 948 637 1032 (On)
664 954 728 1025 Quo
750 954 859 1012 ruodo?
891 947 966 1031 (Ba)
991 952 1064 1012 Siue
1079 955 1276 1026 ornamentis,
1289 971 1356 1014 cum

159 1059 319 1119 intestinis
343 1056 487 1119 omuibus.
523 1050 596 1134 (Ca)
620 1054 718 1115 Meam
736 1063 768 1114 ra
783 1051 1112 1116 omicomaeudidisii?
1146 1051 1222 1136 (Ba)
1247 1056 1355 1118 Valde:

158 1164 275 1236 aipiuti
298 1163 397 1222 minis.
442 1155 514 1239 (Ca)
545 1158 658 1235 Vipiaii
678 1160 791 1218 minis?
836 1154 911 1239 (Ba)
947 1158 1050 1218 Utrum
1079 1160 1139 1231 ais,
1171 1160 1224 1219 aei
1245 1166 1355 1235 quater

159 1267 267 1339 quiuis
298 1265 404 1325 minis:
434 1264 525 1322 Militi
547 1257 737 1323 Macedonio.
769 1268 798 1322 ei
826 1263 885 1322 iom
918 1263 1090 1336 quindecim
1120 1262 1217 1323 tabeo
1246 1265 1354 1325 mimas.

158 1364 238 1447 (Ca)
264 1370 345 1442 Quid
366 1383 422 1442 epo
445 1383 485 1426 ea
501 1372 530 1425 ie
551 1367 667 1426 audio?
690 1361 765 1444 (Ba)
789 1366 921 1424 Amicam
938 1372 1019 1426 taam
1035 1363 1228 1435 rarefactam
1242 1383 1354 1442 oroea-

159 1477 254 1532 ieam.
289 1466 361 1551 (Ca)
387 1471 452 1542 Qar
474 1471 509 1530 id
530 1471 635 1529 ousiis
657 1466 789 1539 facere?
833 1463 908 1547 (Ba)
930 1468 1058 1529 Latuit:
1080 1464 1147 1529 rried
1170 1467 1241 1540 fuir.
1281 1466 1354 1550 (Ga)

159 1575 241 1648 Elio,
278 1576 438 1645 Pseudolo,
474 1574 535 1645 Ei„
552 1573 690 1646 cladium
726 1570 830 1643 adfer.
883 1566 952 1650 (ΡΒ)
991 1573 1072 1644 (laid
1108 1579 1198 1647 opust
1226 1576 1353 1648 alodio?

159 1674 238 1758 (Ca)
265 1679 323 1751 Qui
344 1680 427 1738 tanc
448 1678 586 1737 occidam
608 1681 700 1750 atoue
722 1693 777 1736 me.

252 1778 352 1851 Recte
380 1777 445 1840 iam
478 1775 603 1840 monuit
624 1774 800 1838 Lorenzius
830 1772 893 1858 (ed.
923 1774 1025 1858 praef.
1057 1774 1129 1840 adn.
1157 1777 1225 1859 17):
1256 1778 1354 1856 „Auf-

159 1880 286 1947 fallend
309 1879 411 1944 bleibt
429 1901 462 1944 es
485 1879 578 1958 auch,
609 1879 684 1943 dass
707 1877 885 1955 Calidorus,
916 1877 1074 1967 nachdem
1107 1900 1141 1944 er
1174 1884 1236 1944 330
1262 1883 1353 1964 (342)

160 2006 238 2049 vom
263 1981 424 2048 Varkauie
448 1983 506 2047 der
522 1982 729 2047 Phoenicium
747 1982 863 2064 gehiirt
877 1981 944 2060 hat,
968 1987 1137 2048 331-333
1153 1984 1353 2067 (343-350)

160 2109 201 2152 so
225 2093 373 2152 erstannt
397 2085 461 2151 und
477 2085 629 2150 erbittert
651 2090 711 2163 tut,
735 2085 783 2148 als
805 2084 847 2149 ob
870 2106 904 2150 es
920 2085 986 2150 ihm
1002 2086 1149 2168 ginalich
1165 2085 1355 2152 unbekannt

161 2213 310 2274 genesen
326 2194 420 2268 wire,
444 2188 598 2255 niihrend
613 2210 649 2254 er
670 2188 754 2254 doch
769 2209 828 2254 aus
843 2189 947 2254 ihrom
962 2188 1071 2254 Brieie
1089 2188 1176 2254 Alles
1201 2189 1353 2256 erfahren

84 2333 90 2346 ·
160 2296 253 2359 hat.u
298 2296 402 2373 Quam
425 2293 618 2358 sententiam
653 2292 799 2358 Lorenzii
828 2298 861 2358 et
883 2292 1090 2376 Langenusl)
1121 2300 1154 2357 et
1187 2293 1353 2376 Biermai)

162 2406 200 2462 et
211 2397 665 2481 Karstenus³)pr0bnvernnt.
700 2397 782 2475 Quin
799 2396 964 2479 exemplar
981 2395 1140 2461 Graecum
1156 2397 1230 2462 illas
1254 2396 1354 2462 offen·

162 2504 272 2566 siones
295 2521 357 2565 non
385 2500 582 2583 praebuerit,
610 2498 743 2564 dubium
768 2519 838 2564 esse
861 2520 924 2564 non
947 2505 1063 2582 potest.
1110 2501 1352 2583 Expositionem

162 2611 274 2670 autem
303 2605 473 2687 genuinam
509 2625 572 2668 non
596 2623 747 2668 scaenam
776 2604 924 2685 primam,
956 2603 1012 2667 sed
1043 2624 1194 2668 scaenam
1222 2605 1353 2668 tortium

163 2711 206 2792 (v.
233 2709 415 2790 ica-382)
445 2708 610 2772 continere
640 2706 691 2771 vel
723 2727 763 2772 ex
795 2726 832 2770 eo
861 2705 1008 2770 concludi
1038 2712 1154 2789 potest,
1185 2708 1271 2790 quod
1299 2729 1354 2773 ox·

164 2813 285 2895 positio
307 2813 340 2875 in
357 2831 476 2876 scaena
497 2811 597 2876 tertia
619 2809 720 2874 multo
739 2809 926 2892 diligentius
949 2810 1130 2876 instituitur
1145 2816 1244 2892 atque
1259 2831 1353 2894 pera-

164 2917 262 2998 gitur.
307 2917 421 2998 ltaque
440 2916 511 2979 iure
527 2935 566 2978 ao
581 2915 696 2978 merito
712 2934 823 2978 omnes
846 2913 914 2978 lere
938 2914 998 2978 viri
1014 2914 1101 2978 docti
1118 2915 1354 2980 contenderunt

165 3025 393 3102 argumentum
417 3018 582 3101 epistolae,
605 3037 690 3100 quae
711 3019 743 3080 in
760 3037 879 3081 scaena
894 3018 1000 3100 prima
1017 3024 1298 3096 commemoratur,
1320 3020 1353 3082 in

255 3194 278 3259 l)
298 3189 329 3244 P.
347 3189 498 3259 Langen
516 3189 533 3244 l.
548 3207 570 3242 o.
585 3208 611 3258 p.
624 3191 690 3243 200:
711 3188 765 3256 „Es
784 3189 858 3242 steht
877 3189 934 3242 dies
952 3190 980 3242 in
999 3187 1202 3258 Widerspruch
1221 3191 1272 3243 mit
1290 3191 1353 3243 dem
1461 3162 1467 3170 ἱ

166 3278 274 3347 Beginn
299 3278 349 3330 der
368 3275 521 3344 Komadie,
548 3293 590 3329 wo
609 3276 658 3328 wir
676 3274 801 3328 orfahren
820 3274 922 3343 haben,
950 3275 1013 3328 dass
1032 3275 1175 3329 Calidorus
1194 3277 1282 3331 durch
1301 3276 1354 3329 den

167 3363 246 3416 Briei
270 3364 319 3416 der
337 3361 499 3417 Pisoniaium
524 3379 578 3416 von
597 3361 660 3415 dam
679 3359 806 3413 Verkaus
819 3378 907 3431 genna
927 3361 1110 3415 unterrichtet
1128 3363 1178 3416 ist:
1205 3365 1266 3418 eine
1286 3363 1354 3419 Ver-

167 3450 287 3519 stellung
316 3450 382 3504 aber
411 3449 456 3502 bei
483 3447 627 3501 Calidorus
659 3447 848 3501 annunehmeu
865 3447 1035 3516 ·entspricht
1063 3449 1222 3518 iiberhaupt
1250 3452 1354 3504 seinem

167 3536 320 3590 Charakter
337 3535 415 3588 nicht
433 3535 490 3588 und
512 3553 556 3588 am
573 3535 793 3604 allerwenigsten
811 3533 861 3586 der
878 3534 1135 3603 augenbliclrlichen
1153 3535 1254 3607 Lage.‘⁴

252 3624 278 3688 2)
297 3620 322 3673 I.
341 3619 386 3672 W.
412 3620 554 3674 Bierma
576 3622 630 3674 lc.
649 3622 737 3690 p.3'l:
765 3619 958 3686 „Conceditur
974 3638 1088 3676 necesse
1108 3627 1165 3690 est,
1191 3623 1243 3676 hac
1262 3628 1354 3678 mente

167 3714 255 3762 totum
276 3723 386 3761 scenam
403 3708 535 3775 scriptam
554 3725 614 3761 esse
632 3707 736 3773 videri,
763 3710 794 3759 ut
812 3705 958 3759 Calidorus
976 3724 1010 3760 ox
1029 3707 1153 3762 Ballione
1171 3709 1217 3762 hic
1235 3710 1354 3778 primum

168 3797 327 3862 cognoscat,
345 3791 529 3847 Phoenicium
547 3794 629 3846 militi
648 3791 813 3846 Macedonio
832 3793 974 3846 veniisse.“

252 3881 279 3948 3)
288 3879 325 3933 H.
334 3879 512 3933 Marsis
522 3897 539 3932 n
561 3880 577 3934 l.
586 3897 611 3932 o.
620 3898 646 3948 p.
663 3881 724 3932 134:
747 3877 891 3946 „Omnium
905 3879 1023 3932 maximo
1036 3886 1142 3950 pugnat
1157 3898 1220 3936 cnm
1235 3884 1353 3952 epistola

168 3968 266 4036 ingens
283 3967 390 4021 laetitia
408 3964 540 4033 CalidoriJ
563 3983 626 4018 curn
644 3964 734 4018 Ballio
757 3963 876 4017 affirmat
893 3965 944 4017 323
964 3963 1033 4032 „Vel
1052 3983 1101 4019 nex
1119 3956 1226 4022 menses
1245 3970 1354 4038 opperi-

169 4054 218 4105 bor
236 4095 242 4105 .
263 4094 268 4106 .
287 4095 293 4106 .
314 4093 320 4106 .
339 4053 403 4120 quia
421 4053 494 4104 euim
512 4069 568 4106 non
585 4052 708 4105 venalem
726 4052 781 4104 iam
798 4050 888 4103 habeo
907 4049 1115 4119 Phoenicium“‚
1143 4058 1172 4108 et
1196 4055 1293 4123 ingens
1313 4057 1354 4107 iro

168 4145 249 4206 atquo
273 4139 444 4208 indignatio,
471 4155 533 4192 cnm
558 4139 631 4192 idem
649 4137 733 4191 verbu
751 4154 800 4190 sna
818 4136 857 4188 sic
877 4136 999 4205 explicat
1016 4139 1065 4192 341
1087 4139 1166 4206 „Non
1182 4141 1271 4194 habeo
1290 4159 1354 4211 pro·

168 4225 242 4278 lecto
256 4225 409 4292 (venalem),
428 4242 491 4277 nam
504 4225 677 4293 iampridem
690 4222 800 4277 vendidi
819 4261 825 4275 .
844 4262 850 4273 .
870 4262 876 4274 .
896 4262 902 4274 .
921 4221 976 4276 XX
993 4227 1074 4280 minis
1092 4227 1174 4280 militi
1185 4226 1353 4282 Macedonio

169 4316 197 4364 et
223 4312 278 4364 iam
307 4309 362 4363 XV
387 4310 477 4364 habeo
504 4313 615 4365 minas.“
654 4309 724 4364 (luni
747 4329 806 4365 rem
831 4313 935 4366 dudum
961 4314 1138 4381 cognovisset
1165 4330 1200 4365 ex
1227 4313 1353 4380 epistula,

168 4399 293 4466 ineptum
319 4403 362 4451 est
387 4397 455 4451 haec
475 4397 632 4451 Calidorum
658 4399 697 4450 ita
723 4416 896 4452 commovere
922 4404 953 4452 ut
978 4400 1098 4468 gladium
1125 4406 1223 4467 poscat
1248 4418 1302 4467 quo
1325 4418 1353 4454 se

168 4483 278 4538 occidat
296 4486 392 4552 (³4⁹)ss
1038 4502 1042 4508 ·
