3390 5298
789 567 1004 628 ..30-

307 734 485 819 exemplari
508 735 635 799 Graeco
659 734 746 800 aliud
777 735 876 800 fuisse
908 742 941 802 11
964 736 1121 802 a'Plauto
1154 741 1387 802 commutatum
1410 756 1490 802 esse.

307 841 378 918 Qua
401 838 441 903 de
466 859 565 904 causa
586 844 685 922 poet-a
713 839 797 903 hanc
826 839 998 923 epistulam
1022 842 1279 920 commutaverit,
1310 841 1372 905 viri
1404 840 1492 904 docti

305 943 389 1006 iuter
412 963 446 1010 se
469 943 670 1007 dissentiunt.

392 1045 572 1111 Karstenus
595 1047 679 1111 enim
703 1046 735 1130 (l.
753 1067 777 1110 c.
794 1070 825 1130 p.
844 1050 918 1131 136)
935 1049 1118 1132 suspicatur
1140 1048 1312 1132 epistulam
1334 1047 1368 1111 in
1384 1067 1492 1112 exem-

303 1150 388 1233 plari
419 1149 544 1214 Graeco
578 1171 682 1233 neque
710 1151 870 1214 rationem
900 1171 1004 1234 neque
1036 1157 1164 1236 tempus
1194 1151 1387 1216 venditionis
1416 1171 1493 1216 con-

303 1253 446 1330 tinuisse,
470 1253 528 1318 sed
552 1253 736 1318 Calidorum
771 1253 812 1317 ab
836 1255 941 1319 amica
969 1255 1193 1320 tantummodo
1220 1255 1362 1339 aliquam
1388 1255 1491 1320 moni-

303 1356 424 1421 tionem
447 1357 621 1448 aocepisse,
648 1378 712 1439 qua
735 1359 854 1422 certior
876 1357 982 1424 factus
1005 1365 1090 1424 esset
1112 1360 1280 1424 imminere
1301 1357 1492 1442 periculum,

303 1483 343 1526 11
367 1461 504 1526 amatori
536 1461 707 1543 peregrino
729 1461 923 1526 traderetur.
969 1462 1181 1528 substituisse
1208 1469 1317 1527 autem
1340 1461 1493 1526 Plautum

301 1566 361 1630 hos
384 1565 743 1648 111111(51-ὁ9),11
768 1564 859 1630 dolor
879 1571 912 1630 11
935 1565 1119 1650 desperatio
1142 1566 1284 1631 Calidori
1313 1567 1424 1632 statim
1447 1565 1491 1630 ab

301 1669 393 1733 initio
423 1673 623 1752 spectatores
653 1674 788 1751 propter
818 1669 997 1752 periculum
1026 1671 1173 1753 proxime
1199 1670 1370 1734 imminens
1396 1669 1495 1734 vehe-

302 1774 440 1837 mentius
463 1777 686 1837 commoveret.
795 1813 797 1818 .

387 1875 490 1940 Multo
514 1881 623 1940 autem
642 1875 1188 1961 1111111111111111111111111111)
1207 1898 1279 1941 esse
1301 1877 1380 1941 mihi
1404 1875 1493 1940 vide-

303 1985 365 2059 tur,
396 1979 451 2062 qui
473 1984 568 2062 putet
588 1999 738 2042 scaenam
758 1980 896 2062 primam
920 2002 959 2044 ex
981 1981 1045 2044 alio
1069 1981 1246 2065 exemplari
1268 1979 1395 2046 Graeco
1419 2001 1490 2044 esse

303 2083 515 2165 desumptam.
546 2081 697 2146 Plautum
720 2088 828 2147 autem
844 2083 928 2147 hano
950 2105 1101 2148 scaenam
1120 2083 1277 2148 Pseudolo
1297 2084 1492 2148 inserentem

302 2192 451 2251 coactum
466 2207 535 2251 esse
554 2192 779 2269 argumentum
800 2188 972 2270 genuinum
995 2188 1090 2253 huius
1109 2188 1266 2271 epistolae
1281 2192 1492 2252 commutare.

303 2289 373 2355 Non
397 2289 492 2354 modo
514 2290 651 2370 litteras,
676 2283 743 2355 sed'
763 2297 866 2355 totam
897 2313 1048 2356 scaenam
1077 2293 1214 2375 primam
1239 2313 1310 2356 cum
1335 2311 1375 2356 ea
1397 2297 1493 2376 parte
1602 2316 1609 2328 ·

304 2414 441 2458 scaenae
459 2397 585 2474 tertiae,
606 2416 688 2478 quae
705 2396 937 2478 expositionem
962 2397 1371 2479 11111111(1.269-382),
1396 2415 1493 2478 repu-

304 2518 403 2581 gnare
417 2519 456 2562 ex
471 2497 522 2562 his
538 2519 667 2581 quoque
682 2505 828 2582 apparet.
864 2497 1042 2565 Pseudolus
1059 2500 1153 2579 enim,
1175 2505 1348 2582 postquam
1365 2499 1493 2562 litteras

301 2601 465 2666 Phoenicii
494 2602 642 2684 perlegit,
676 2622 745 2666 sese
768 2600 917 2666 Calidoro
939 2603 1053 2685 viginti
1075 2604 1179 2666 minas
1203 2601 1299 2668 hodie
1323 2621 1492 2684 compara·

302 2712 410 2770 turum
435 2725 504 2768 esse
536 2705 697 2788 promittit
718 2709 760 2788 (v.
787 2708 976 2790 114-120).
1021 2708 1124 2785 Quam
1145 2705 1331 2785 utilitatem,
1361 2725 1493 2787 quaero,

302 2808 377 2872 illae
413 2809 526 2890 viginti
560 2809 666 2872 minae
697 2807 847 2872 Calidoro
881 2809 1038 2892 praebere
1071 2810 1229 2893 possunt?
1274 2807 1327 2872 Me
1361 2806 1492 2891 quidem

302 2912 410 2976 iudice
432 2911 569 2993 nullam3
592 2932 667 2975 nam
690 2911 899 2977 Phoenicium
921 2914 985 2977 iam
1005 2914 1103 2977 veniit
1123 2918 1157 2976 11
1179 2911 1362 2995 quindecim
1386 2911 1492 2976 minae

303 3017 367 3080 iam
402 3015 527 3079 solutae
561 3021 644 3081 sunt.
701 3015 836 3080 Etiamsi
872 3017 972 3098 igitur
1005 3016 1173 3081 Calidorus
1206 3037 1241 3080 re
1270 3036 1348 3080 vera
1383 3015 1492 3080 lenoni

302 3119 415 3201 viginti
437 3121 540 3183 minas
563 3119 694 3183 tradere
716 3124 835 3202 posset,
866 3119 921 3183 1111
941 3120 1140 3184 adulescenti
1164 3120 1300 3184 amicam
1325 3139 1388 3182 non
1417 3139 1493 3183 ven-

305 3222 404 3286 deret.
450 3222 621 3304 Langenus
645 3224 677 3306 (l.
702 3245 728 3287 o.
752 3245 782 3306 p.
811 3224 884 3306 199)
908 3223 1002 3287 dicit:
1033 3223 1129 3302 „Was
1153 3224 1225 3288 dem
1249 3221 1418 3288 Calidorus
1441 3220 1493 3285 die

304 3332 345 3391 20
365 3326 482 3405 Minen,
513 3325 633 3390 welche
656 3347 691 3390 11
714 3328 870 3409 verlangt,
899 3333 1015 3391 ntitzen
1045 3327 1154 3406 sollen,
1182 3347 1314 3409 vermag
1343 3347 1417 3390 rnen
1439 3345 1492 3388 zu-

305 3431 453 3494 11111111
468 3430 560 3494 nicht
574 3452 612 3493 zu
628 3429 794 3511 begreifen
805 3455 822 3510 3·
837 3438 904 3495 erst
918 3429 1020 3495 373ff.
1037 3431 1188 3496 erfahren
1205 3431 1272 3510 1111,
1295 3429 1372 3495 dass
1387 3428 1492 3492 Ballio

301 3535 407 3599 bereit
428 3534 480 3613 ist,
511 3554 612 3616 gegen
635 3534 714 3598 bare
737 3534 883 3617 Zahlung
915 3557 976 3598 von
1008 3541 1049 3599 20
1069 3535 1177 3599 Minen
1207 3533 1268 3599 den
1301 3532 1412 3599 friiher
1435 3533 1494 3595 mit

304 3638 406 3701 einem
424 3636 579 3701 Soldaten
595 3637 885 3719 abgeschlossenen
903 3639 1121 3721 Kaufvertrag
1140 3661 1179 3703 zu
1195 3638 1364 3704 brechen.“
1403 3637 1492 3715 Quae

302 3742 463 3805 sententia
493 3740 636 3822 Langeni
666 3741 794 3806 minime
823 3741 1003 3824 probabilis
1029 3741 1095 3822 est,
1131 3741 1217 3825 quod
1249 3747 1362 3806 contra
1392 3739 1493 3803 verba

302 3844 454 3909 Plautina
477 3850 602 3928 pugnat
624 3848 665 3929 (v.
690 3847 835 3931 37317511

388 4054 415 4118 1)
433 4051 463 4106 Il.
485 4051 558 4105 Leo
584 4053 767 4121 1113481
798 4053 871 4120 „Der
899 4051 978 4105 Brief
1003 4051 1180 4106 Phdniziums
1207 4053 1304 4105 uimmt
1331 4051 1420 4104 durch
1448 4051 1492 4104 die

303 4137 390 4192 Verse
415 4140 517 4191 51-59
542 4138 586 4192 die
613 4141 641 4191 in
668 4139 717 4192 der
742 4140 857 4193 zweiten
883 4137 973 4192 Scene
1000 4139 1145 4208 sorgitltig
1172 4137 1348 4209 ausgefr'ihrte
1374 4136 1493 4205 Exposi-

300 4227 359 4277 tion
378 4241 498 4293 vorweg.
535 4224 593 4278 Das
609 4226 646 4278 ist
664 4225 823 4293 unmoglich
842 4225 899 4278 und
917 4225 995 4308 nicht
1021 4225 1119 4278 andere
1143 4243 1176 4278 zu
1202 4224 1341 4291 erklttren,
1365 4224 1404 4276 als
1430 4224 1493 4284 dass

301 4313 351 4363 der
366 4311 445 4363 Briel
454 4311 649 4379 ursprr'inglich
671 4312 837 4380 wenigstens
858 4331 920 4364 zum
932 4311 992 4366 Teil
1012 4314 1092 4366 11111
1112 4313 1161 4365 der
1179 4311 1327 4380 folgenden
1341 4310 1493 4378 Handlung

301 4397 554 4450 widerstrebenden
577 4397 672 4450 Inhalt
694 4398 770 4451 hatte
794 4399 849 4450 und
870 4416 925 4452 von
947 4399 1061 4453 Plautus
1090 4400 1181 4452 dieser
1203 4397 1356 4466 Handlung
1384 4403 1492 4466 gemitss

300 4484 434 4552 ge'andert
451 4483 566 4561 worden
586 4486 645 4537 ist.“
