3390 5298
824 531 1020 605 .··4-

415 697 529 779 ltaque
561 717 656 781 spero
685 714 736 762 ma
768 719 835 763 rem
869 704 974 762 actam
1007 721 1070 764 non
1101 720 1171 763 esse
1204 705 1461 782 persecuturum,
1493 703 1518 765 si

329 820 494 882 quaeram,
526 821 610 882 quac
634 801 720 865 ratio
742 802 963 866 intercesserit
984 805 1070 867 inter
1092 803 1401 867 contaminationem
1423 803 1519 868 Plau-

328 903 428 967 tinam
454 908 486 967 et
508 903 745 968 Terentianum.
792 905 894 982 Quam
919 906 1169 989 disputationem
1197 907 1245 970 ita
1274 907 1455 984 instituam,
1485 914 1521 972 ιιι

327 1008 467 1090 primum
492 1007 531 1071 de
553 1006 691 1070 Milite
714 1007 921 1090 glorioso,
951 1009 1149 1089 Poenulo,
1173 1009 1384 1074 Pseudolo
1416 1030 1520 1092 agam,

328 1131 410 1192 quas
425 1109 668 1175 fabulasPlaut
646 1116 730 1174 trnas
748 1113 984 1176 contaminatas
1001 1133 1071 1177 esse
1083 1134 1142 1196 pro
1163 1119 1253 1177 certo
1269 1113 1385 1194 habeo,
1402 1113 1523 1180 deinde

220 1285 228 1304 .
328 1213 438 1314 ocul-os
462 1213 504 1284 ad
524 1213 655 1283 fabulas
674 1214 885 1280 Terenianas
911 1215 1120 1294 Andriam,
1145 1216 1367 1300 AdelphoS,
1390 1217 1524 1283 Eunu-

177 1305 248 1403 ζῇ·
313 1303 598 1408 ‚ouuneomer
600 1338 661 1397 am,
684 1338 764 1400 quas
782 1320 1018 1383 contaminatas
1035 1340 1104 1384 esse
1121 1319 1291 1384 Terentius
1305 1321 1375 1403 ipse
1391 1323 1428 1384 in
1445 1343 1521 1404 pro·

105 1467 125 1516 ο.
153 1471 164 1519 1
179 1468 189 1515 t
204 1468 229 1506 ι.
244 1467 283 1520 ··:
298 1419 409 1523 ..logis
419 1418 512 1498 dicit,
490 1425 597 1507 ttum
614 1421 751 1506 denique
768 1442 936 1504 exponam,
954 1443 1050 1505 quam
1068 1423 1298 1487 diversamt
1245 1429 1298 1486 rat
1299 1424 1404 1488 ionem
1420 1422 1519 1489 Plau·

130 1534 139 1552 ·
157 1533 162 1548 '
241 1515 284 1586 .‘··:
297 1521 342 1588 ῑ.ι“
326 1526 385 1587 tus
376 1469 648 1590 athemius
639 1546 672 1587 m
688 1523 808 1589 fabulis
827 1527 1055 1591 contaminatis
1075 1527 1304 1610 componendis
1326 1527 1430 1592 secuti
1447 1528 1520 1593 sint.

512 1838 554 1918 Α.
597 1837 647 1920 [ιι
677 1840 822 1922 ratione
851 1839 1122 1922 contaminandi
1153 1841 1331 1969 Plautina.

729 2037 755 2098 1.
777 2037 822 2098 De
842 2037 941 2098 Milite
964 2037 1107 2116 glorioso.

411 2174 428 2252 ξ
456 2177 480 2234 l.
512 2169 567 2233 De
590 2174 686 2234 actu
708 2171 851 2253 primu.
885 2171 1021 2236 Militem
1037 2171 1211 2254 gloriosum
1227 2172 1406 2235 innumero
1422 2171 1516 2236 fabu-

325 2273 429 2338 larum
464 2273 755 2338 contaminatorum
785 2276 967 2340 habeudam
993 2297 1062 2340 esse
1087 2275 1124 2340 G.
1150 2279 1184 2338 A.
1207 2275 1332 2339 Becker
1345 2276 1368 2357 ¹)
1392 2276 1519 2357 primus

223 2371 228 2440 f
325 2377 491 2442 contendit
506 2383 597 2442 ratus
612 2378 751 2461 primam
768 2400 918 2444 scaenam
935 2380 1029 2443 huius
1044 2379 1174 2444 tabulae
1191 2379 1233 2442 ad
1249 2378 1334 2443 idem
1349 2378 1518 2461 exemplar

325 2481 487 2546 Graecum
511 2486 609 2566 atque
636 2501 786 2546 scaenam
808 2483 855 2546 ΙΙΙ
880 2488 894 2546 1
921 2483 1069 2547 Eunuchi
1091 2482 1315 2560 Terentianae,
1345 2482 1450 2546 idest
1476 2483 1519 2546 ad

256 2653 260 2662 ,
324 2584 495 2649 Menandri
525 2583 682 2664 Colacem,
717 2606 787 2649 esse
816 2584 1019 2650 referendam
1054 2586 1104 2649 his
1138 2585 1177 2648 de
1215 2586 1338 2649 causis:
1376 2587 1518 2668 primum

324 2690 409 2754 euim
439 2709 589 2772 magnam
618 2689 723 2752 inesse
753 2688 994 2753 similitudinem
1022 2690 1055 2752 in
1078 2690 1216 2754 militum
1243 2696 1275 2752 ιι
1297 2689 1518 2772 parasitorum

324 2793 472 2876 personis
506 2792 676 2874 utriusque
708 2791 839 2856 fabulae
871 2792 1067 2874 tractandis3
1107 2793 1222 2856 deinde
1251 2792 1335 2856 hanc
1364 2813 1516 2856 scaenam

324 2896 460 2980 prologo
476 2896 687 2978 praemissam
705 2895 780 2959 laxo
796 2895 922 2960 vinculo
940 2917 1011 2973 oum
1034 2895 1160 2979 reliqua
1183 2895 1295 2959 fabula
1311 2896 1516 2959 coniunctam

324 3020 413 3080 esse,
451 3007 519 3064 tum
542 2999 723 3082 parasitum
747 3019 810 3062 nou
834 2999 964 3081 prodire
987 3000 1049 3064 nisi
1072 2999 1104 3064 in
1128 3019 1225 3062 unam
1247 2999 1330 3062 hanc
1355 3018 1517 3062 scaenam.

325 3105 415 3184 Quae
445 3107 638 3185 argumenta
669 3101 788 3165 nullius
816 3104 971 3166 momenti
1000 3123 1070 3166 esse
1102 3101 1179 3167 mihi
1203 3102 1362 3167 videntur.
1409 3105 1517 3185 Atque

323 3208 463 3291 primum
487 3206 619 3289 quidem
641 3206 723 3270 haec
747 3226 866 3270 scaena
889 3205 930 3268 ab
953 3205 1102 3269 Eunuchi
1124 3205 1171 3268 lIl
1197 3211 1208 3269 l
1239 3204 1403 3282 abhorret,
1429 3205 1517 3287 quod

325 3312 386 3375 hoc
409 3311 480 3374 loco
504 3309 595 3374 miles
620 3309 718 3374 rebus
741 3309 828 3374 hello
851 3311 950 3391 gestis
967 3316 999 3373 et
1015 3293 1133 3372 animia
1153 3308 1394 3392 pulchritudine
1417 3311 1516 3391 glori-

324 3420 407 3494 atur,
430 3414 486 3478 illo
512 3419 621 3478 autem
642 3414 714 3479 loco
742 3413 964 3478 familiaritate
991 3433 1063 3478 cum
1086 3433 1163 3496 rege
1192 3413 1263 3496 ipso
1288 3413 1517 3476 coniunctast

323 3519 443 3601 ingenii
468 3517 623 3581 acumine.
669 3517 782 3600 Neque
804 3515 1013 3582 offensionem
1041 3516 1074 3579 in
1098 3536 1135 3579 eo
1157 3517 1298 3598 positam
1321 3537 1400 3596 esse,
1423 3516 1516 3598 quod

323 3622 405 3686 haec
425 3641 544 3686 scaena
558 3620 694 3704 prologo
717 3623 898 3704 praemissa
914 3625 972 3699 est,
996 3619 1102 3684 elucet
1120 3639 1136 3682 e
1152 3619 1272 3683 Donati
1288 3618 1404 3696 verbis,
1431 3639 1515 3700 quae

324 3726 441 3790 docent
456 3726 586 3806 saepius
606 3725 639 3786 in
656 3724 776 3790 tabulis
791 3725 961 3808 prologum
976 3724 1117 3806 primum
1132 3722 1238 3786 locum
1256 3744 1319 3786 non
1337 3721 1524 3786 obtinuisse

323 3828 438 3914 (prael.
465 3827 668 3891 Phormionis
690 3829 704 3892 I
733 3827 799 3914 ll):
824 3849 916 3907 „nam
941 3827 1083 3891 officium
1106 3825 1233 3909 prologi
1256 3831 1331 3889 ante
1354 3825 1514 3888 actionem

324 3931 454 4014 quidem
477 3933 524 3994 rei
547 3952 674 4014 semper
697 3937 755 4010 est,
778 3936 999 3996 verumtamen
1023 3935 1055 3994 ιι
1077 3936 1151 4012 post
1169 3929 1362 4013 principium
1384 3926 1516 3992 tabulae

323 4035 497 4112 inducitur,
525 4041 562 4098 ιιι
591 4035 678 4118 apud
700 4035 851 4100 Plautum
875 4035 908 4097 in
931 4034 1035 4098 Milite
1057 4033 1198 4115 glorioso
1222 4040 1254 4096 et
1276 4031 1362 4114 apud
1390 4037 1515 4095 ceteros

323 4159 459 4220 magnae
483 4139 688 4201 auctoritatis
708 4144 836 4202 ueteres
858 4145 1000 4220 poet-ass
1036 4139 1082 4200 Ac
1098 4158 1138 4200 ne
1155 4157 1226 4199 eam
1243 4135 1371 4217 quidem
1389 4139 1516 4199 senten·

411 4365 433 4428 l)
454 4359 486 4414 G.
499 4361 535 4414 A.
547 4361 704 4415 Becker:
724 4360 767 4414 De
787 4362 902 4414 comicis
922 4362 1110 4414 Romanorum
1130 4360 1230 4416 fabulis
1248 4360 1366 4412 maxime
1380 4357 1515 4411 Plautinis

323 4450 506 4520 quaestiones,
524 4447 601 4518 Lips.
617 4450 690 4516 1837,
710 4466 736 4518 p.
749 4450 783 4500 82
796 4465 853 4518 sqq.
