3390 5298
773 567 1079 630 -54-·

290 737 461 804 Menandri
492 757 562 801 esse
586 755 625 800 ex
646 736 697 800 his
728 758 857 819 quoque
888 736 1028 802 eflicitur
1059 737 1266 819 argumentis,
1311 735 1482 801 Sententia

291 843 375 906 enim
399 839 650 922 Menandrea¹):

482 949 585 1031 οἴμοι·
609 945 648 1013 τὸ
669 944 734 1031 γὰρ
757 941 857 1030 ἄφνω
881 950 1059 1030 δυστυχεῖν
1080 949 1204 1030 μανίαν
1226 953 1316 1011 ποιεῖ

292 1049 468 1133 respondet
490 1049 598 1114 versui
621 1049 816 1115 Terentiano
838 1049 914 1129 ΙΙΙ,
939 1050 1051 1134 lasea:

809 1158 871 1216 Pro
894 1173 1037 1231 supreme
1058 1157 1211 1231 Iuppiter,

449 1260 575 1320 Minime
597 1261 693 1319 miror
716 1261 767 1334 qni
792 1260 933 1320 insanire
955 1259 1110 1334 decipiant
1132 1275 1172 1317 en
1193 1259 1320 1319 ininria.

379 1362 580 1442 Quamquam
611 1358 824 1444 Neneiuius2)
854 1365 886 1423 et
913 1357 1061 1442 Kauer3)
1089 1358 1147 1422 illa
1180 1357 1281 1422 verba
1306 1355 1354 1421 'ad
1383 1381 1411 1421 u.
1441 1363 1483 1421 43

291 1463 463 1530 referenda
478 1483 541 1527 nou
558 1483 629 1527 esse
645 1463 840 1542 existimant,
863 1456 970 1526 tanlen
988 1483 1162 1526 eonsensus
1186 1460 1315 1526 illorum
1338 1462 1483 1526 locorum

198 1612 201 1618 -
292 1569 396 1632 maior
427 1554 498 1632 esse
530 1566 608 1630 mihi
636 1566 774 1645 ridetur,
809 1587 904 1650 quam
936 1571 973 1630 ut
1004 1564 1142 1650 silentio⁸
1164 1586 1235 1629 eam
1269 1571 1484 1648 praeteream.

293 1672 365 1736 Huo
390 1671 527 1750 aceedit,
552 1671 639 1754 quod
662 1671 810 1734 Donatus
834 1669 876 1733 ad
899 1690 1026 1734 versum
1055 1674 1114 1735 199
1136 1669 1288 1734 adnotat:
1318 1675 1486 1734 seeundum

292 1781 373 1839 illud
405 1780 581 1841 Menandri
615 1790 750 1859 αιγοστο
777 1797 884 1841 ποιων
912 1794 979 1855 eqs.
1034 1774 1237 1855 Quamquam
1266 1771 1486 1856 fragmentum

290 1879 397 1961 ipsum
424 1878 704 1961 corruptissimum
734 1884 798 1957 est,
835 1882 943 1942 tamen
980 1876 1080 1971 verba
1116 1883 1284 1941 secundnm
1313 1883 1391 1941 iliad
1421 1881 1485 1940 Me-

228 2037 229 2042 ,
292 1987 418 2058 mandri,
447 1981 574 2045 utiam
600 1981 711 2045 lhnius
735 1980 968 2045 demonstravit
998 1980 1030 2064 (l.
1055 2002 1080 2045 o.
1103 2003 1133 2063 p.
1157 1982 1211 2064 21)
1242 1980 1327 2044 huna
1356 2002 1484 2044 versum

292 2108 309 2151 e
334 2084 512 2151 Menandro
536 2084 716 2148 derivatum
740 2105 809 2148 esse
832 2083 985 2147 indicant.
1036 2084 1138 2148 Aliter
1161 2083 1223 2147 hae
1253 2083 1292 2147 de
1323 2083 1485 2148 adnotati-

294 2211 353 2255 one
383 2189 494 2253 Kauer
525 2189 790 2273 1111194196)
832 2187 988 2252 iudicavit
1018 2187 1215 2252 contendens
1248 2207 1265 2251 e
1298 2187 1405 2251 forma
1437 2209 1484 2251 re-

292 2301 424 2359 enndnm
446 2297 524 2356 iliad
545 2297 713 2379 Menandri
745 2292 827 2375 ipsa,
861 2312 944 2374 quae
977 2290 1064 2356 nullo
1098 2289 1162 2354 alio
1185 2291 1256 2354 loeo
1289 2291 1482 2368 inveniatur,

293 2417 453 2481 apparere
482 2416 546 2459 nou
570 2394 749 2474 Menandri,
783 2395 841 2458 sed
863 2393 985 2478 Diphili
1018 2393 1161 2459 fabulam
1191 2394 1358 2478 exemplar
1389 2394 1485 2458 huius

292 2501 396 2584 pariis
427 2497 647 2587 Adelphorum
676 2497 784 2576 luisse,
814 2519 886 2563 oum
918 2483 1093 2563 absurdum
1125 2499 1167 2562 sit
1197 2498 1338 2580 aliquem
1368 2500 1485 2577 looum,

293 2625 357 2687 quo
380 2602 480 2667 verba
495 2601 691 2668 Terentiana
714 2623 785 2666 aum
802 2601 1008 2666 Menandreis
1023 2603 1225 2679 conveniant,
1247 2600 1374 2665 afferre.
1414 2604 1486 2682 Qua

292 2709 333 2772 de
356 2728 455 2771 causa
481 2711 584 2770 totam
608 2726 759 2769 scaenam
782 2706 845 2771 Ml
872 2727 889 2770 a
911 2705 1033 2788 Diphili
1056 2704 1169 2769 fabula
1192 2705 1333 2784 fluxisse,
1366 2706 1485 2770 Teren-

292 2813 373 2877 tium
404 2815 513 2874 autern
542 2809 766 2873 tantummodo
797 2809 882 2873 huno
906 2830 1034 2874 versum
1058 2830 1074 2871 e
1097 2808 1275 2872 Menandro
1301 2809 1485 2874 inseruisse.

294 2916 384 2994 Quae
409 2913 570 2978 sententia
592 2911 713 2976 Kaueri
735 2911 916 2996 probabilis
944 2933 1014 2976 esse
1038 2911 1117 2975 mihi
1142 2933 1206 2976 non
1234 2911 1370 2976 videtur.
1415 2912 1484 2975 Pri-

293 3039 380 3084 mum
411 3017 494 3082 enim
524 3017 649 3092 formae
678 3023 845 3081 secandam
879 3021 957 3080 iiind
987 3019 1155 3080 Menandri
1193 3015 1330 3078 formam
1360 3016 1485 3079 similli-

293 3143 379 3186 mam
408 3129 575 3187 seanndnm
601 3125 819 3199 Apollodorum
850 3120 883 3182 in
910 3119 1029 3208 Donati
1054 3118 1264 3182 adnotatione
1284 3119 1326 3182 ad
1357 3140 1484 3184 versum

293 3230 355 3291 482
371 3224 575 3289 Phormionis
591 3223 679 3288 faeta
693 3224 881 3287 invenimus.
918 3221 1042 3287 Deinde
1058 3222 1221 3286 Donatum
1238 3222 1369 3305 saepius
1383 3223 1485 3287 verba

293 3329 420 3395 Graeca
451 3327 492 3392 ad
520 3349 648 3392 versum
672 3326 954 3409 interpretandum
984 3325 1132 3409 prolerre
1156 3325 1243 3389 inter
1266 3347 1376 3390 omues
1410 3347 1485 3390 eon-

293 3437 368 3497 stat.
412 3431 529 3495 Utrum
559 3435 667 3494 autem
705 3429 806 3494 verba
836 3434 882 3493 sie
910 3433 1083 3494 Menander
1116 3423 1228 3512 (Andr.
1254 3432 1330 3512 204)
1366 3451 1408 3494 an
1440 3436 1486 3495 sic

294 3541 373 3600 enim
396 3544 426 3599 et
449 3539 621 3599 Menander
644 3532 757 3617 (Andr.
776 3535 852 3615 483)
876 3554 916 3596 an
941 3538 1113 3597 Menander
1136 3538 1215 3595 enim
1238 3537 1283 3597 sie
1306 3539 1351 3596 ait
1372 3534 1484 3618 (Andr.

296 3639 371 3723 592)
394 3659 435 3702 an
458 3643 631 3701 Menander
653 3642 698 3700 ria
722 3635 834 3720 (Andr.
853 3636 927 3722 611)
956 3657 997 3700 an
1023 3643 1191 3700 secundnm
1213 3642 1291 3700 iiind
1319 3641 1486 3702 Menandri

277 3743 403 3818 ,verbis
430 3740 565 3806 Graecis
599 3746 851 3823 praeponantur,
883 3761 933 3804 me
965 3740 1093 3822 quidem
1124 3739 1231 3803 indiae
1263 3740 1396 3823 perinde
1426 3746 1484 3805 est.

294 3859 499 3866 ——a-m

381 3899 407 3959 1)
425 3895 573 3950 Menandri
584 3913 676 3964 gnom.
690 3899 808 3948 monost.
822 3897 880 3948 696.
901 3895 941 3948 Os.
962 3895 997 3947 A.
1010 3894 1196 3947 Mainake:
1217 3893 1387 3964 Fragmenta
1399 3897 1484 3949 onmi-

295 4001 391 4037 oorum
412 3982 583 4038 Graecorum
602 3980 654 4048 IV,
675 3981 768 4035 Berol.
788 3983 861 4048 1841,
882 4001 908 4050 p.
922 3983 981 4034 360.

379 4072 407 4137 2)
425 4068 456 4122 F.
475 4068 501 4121 N
510 4069 637 4122 enoini
655 4068 672 4119 l.
692 4086 715 4121 e.
736 4087 762 4136 p.
776 4069 841 4121 119:
870 4067 984 4136 „Quoad
1003 4067 1204 4120 Menandream
1226 4068 1392 4121 sententiam
1411 4068 1486 4134 οἴμοι

295 4160 349 4208 κτλ.
370 4173 439 4208 unus
452 4155 567 4223 quisque
580 4155 662 4208 faaile
675 4155 812 4224 intellegit
824 4155 891 4207 nihil
910 4171 1009 4207 causae
1028 4171 1088 4207 esse
1108 4172 1157 4206 our
1175 4154 1210 4206 ad
1228 4171 1252 4205 v.
1271 4155 1305 4206 43
1323 4154 1483 4208 referatur.“

380 4241 407 4309 3)
425 4240 460 4294 R.
478 4241 602 4295 Kauer
619 4242 636 4294 1.
657 4259 680 4294 o.
699 4260 725 4309 p.
739 4242 773 4293 95
794 4241 854 4293 adn.
876 4240 907 4293 I:
935 4239 1010 4307 „Der
1031 4239 1125 4310 Bezug
1143 4240 1278 4293 zwisehen
1298 4239 1373 4293 Men.
1392 4257 1484 4310 gnam.

294 4331 412 4381 monost.
440 4330 491 4380 696
515 4326 599 4380 Mein.
626 4327 683 4380 und
706 4345 731 4378 v.
759 4329 822 4389 197,
850 4327 903 4380 den
931 4327 1000 4379 Ihne
1028 4325 1159 4379 ebenfalls
1186 4325 1225 4378 als
1244 4326 1340 4381 Gruud
1369 4325 1413 4378 fiir
1431 4325 1484 4378 den

296 4413 531 4466 Menandrisohen
549 4413 697 4482 Ursprung
715 4412 762 4465 des
781 4411 929 4482 Monologs
948 4411 1074 4478 aullihrt,
1099 4412 1135 4463 ist
1152 4411 1224 4464 wohl
1243 4429 1272 4464 so
1292 4412 1397 4480 gering‚
1422 4411 1485 4464 dass

297 4517 328 4552 er
347 4499 426 4552 nicht
445 4499 541 4552 walter
559 4516 592 4550 zu
612 4496 857 4565 herfieksiehtigen
875 4498 937 4549 ist.“
