3390 5298
825 570 1013 632 ..6-

326 737 460 805 allatum
486 739 613 804 silentio
639 745 851 822 praeteream.
898 741 987 820 Quae
1007 762 1079 807 cum
1102 741 1149 806 ita
1172 743 1253 822 sint,
1269 761 1387 806 scaena
1408 740 1515 825 prima

256 911 257 914 ,
325 865 388 910 non
420 844 514 909 modo
545 866 617 909 curn
651 844 778 909 actibus
800 845 918 910 111-V
942 848 1113 910 coniuncta
1145 852 1203 921 est,
1234 846 1291 911 sed
1319 847 1414 910 etiarn
1442 845 1515 910 illos

326 954 419 1013 actus
443 948 563 1032 optime
586 953 771 1032 praeparat.
816 949 931 1032 ltaque
955 956 1063 1014 actum
1087 951 1224 1033 primum
1248 950 1390 1014 eiusdem
1408 972 1515 1015 exem-

324 1053 427 1136 plaris
443 1052 561 1117 Graeci
581 1057 680 1135 atque
703 1058 796 1116 actus
818 1053 873 1132 ΙΙΙ,
897 1054 949 1132 IV,
973 1055 1000 1118 V
1024 1074 1094 1118 esse
1119 1053 1340 1132 Schmidtium,
1364 1054 1513 1131 Leonem,

325 1155 509 1239 Hesperum
532 1163 662 1220 secutus
687 1156 855 1221 contendo.
923 1225 926 1232 ,

412 1259 536 1339 Quibus
567 1258 724 1325 absolutis
759 1265 877 1340 restat,
912 1267 950 1324 ut
980 1261 1150 1326 Schmidtii
1181 1262 1214 1346 (l.
1239 1283 1264 1325 o.
1288 1283 1318 1344 p.
1337 1264 1424 1345 393)-
1444 1281 1516 1326 sen·

326 1365 447 1429 tentiae
479 1363 672 1428 mentionem
701 1362 827 1444 faciam,
859 1365 914 1449 qni
946 1386 1059 1429 versus
1085 1371 1188 1431 1-50
1219 1366 1314 1430 huius
1337 1386 1515 1430 scaenaea

327 1468 443 1531 Plauto
471 1467 510 1532 de
537 1489 594 1532 suo
625 1488 694 1533 esse
719 1469 846 1533 additos
878 1489 917 1533 ex
948 1489 985 1533 eo
1016 1469 1187 1551 concludit,
1218 1469 1304 1552 quod
1337 1470 1428 1534 miles
1452 1470 1514 1533 vir·

326 1577 429 1636 tutem
452 1592 542 1636 suam
566 1572 790 1637 tantummodo
807 1572 856 1637 his
874 1573 1019 1638 versibus
1043 1573 1210 1656 praedicet
1231 1579 1263 1638 et
1286 1573 1373 1656 quod
1395 1574 1428 1636 in
1452 1574 1515 1637 illis

327 1671 472 1740 versibus
504 1676 655 1740 nonnulla
681 1676 789 1755 insint,
820 1697 903 1759 quae
933 1676 1116 1740 hominibus
1141 1678 1256 1741 Atticis
1287 1677 1415 1742 minime
1446 1677 1515 1760 pla-

327 1800 399 1843 oere
428 1780 601 1861 potuerint.
655 1779 712 1843 Cui
743 1781 921 1844 sententiae
952 1782 1017 1844 iam
1045 1781 1171 1864 Hesper
1203 1780 1237 1865 (l.
1261 1801 1286 1844 c.
1310 1803 1340 1864 p.
1358 1784 1390 1865 6)
1421 1801 1516 1863 repu-

327 1883 437 1964 gnavit
453 1882 579 1946 dicens:
603 1883 720 1961 „nimia
744 1933 797 1946 ...
821 1884 976 1948 virtutum
992 1883 1194 1966 praedicatio
1210 1884 1304 1948 militi
1324 1905 1387 1948 non
1410 1885 1516 1948 minus

327 1991 406 2069 apta
437 1992 486 2050 est
517 2007 613 2068 quam
643 1986 870 2069 pulcritudinis
900 1994 933 2051 et
955 1988 981 2052 si
1004 1989 1035 2050 in
1059 1987 1185 2070 reliqua
1208 1987 1321 2052 fabula
1340 2009 1515 2070 numquam

327 2088 453 2154 reditur
470 2089 511 2153 ad
527 2089 615 2152 illam
638 2110 746 2154 rerum
761 2096 934 2173 gestarum
956 2091 1084 2170 famam,
1107 2091 1170 2155 hac
1192 2091 1225 2154 in
1248 2113 1283 2155 re
1306 2113 1370 2155 non
1393 2092 1518 2170 vitium,

328 2193 384 2258 sed
400 2193 552 2258 virtutem
569 2199 686 2276 poetae
708 2200 877 2276 agnosco.“
912 2194 1082 2258 Schmidtii
1106 2195 1286 2278 opinionem
1313 2194 1516 2277 probabilem

327 2318 390 2361 non
415 2319 484 2362 esse
507 2298 571 2361 iam
595 2297 708 2362 titulus
731 2299 801 2380 ipse
826 2298 921 2362 huius
944 2298 1075 2364 fabulae
1094 2299 1207 2378 „Miles
1231 2298 1408 2382 gloriosus“
1435 2299 1517 2363 indi·
1582 2369 1585 2373 ,

328 2421 403 2463 care
434 2401 511 2464 mihi
542 2400 684 2482 videtur;
716 2422 788 2464 nam
822 2402 899 2484 quid
931 2402 1040 2466 militis
1069 2402 1200 2486 gloriosi
1224 2404 1325 2485 magis
1348 2403 1515 2486 proprium

328 2510 378 2568 est
396 2525 493 2586 quam
516 2504 614 2569 rebus
638 2504 722 2569 bello
744 2506 842 2587 gestis
866 2506 1022 2588 gloriari?
1059 2507 1165 2572 Actus
1188 2507 1211 2584 Ι,
1228 2507 1282 2584 ΙΙΙ,
1298 2507 1350 2584 IV,
1369 2508 1395 2572 V
1418 2506 1516 2590 igitur

328 2631 425 2672 unum
450 2609 616 2672 continent
640 2615 864 2690 argumentum
889 2615 921 2674 ct
944 2610 1093 2693 simplex,
1125 2630 1189 2693 quo
1211 2610 1244 2674 id
1268 2616 1450 2693 spectatur,
1481 2617 1517 2675 ut

328 2712 420 2776 miles
437 2711 510 2775 dolo
527 2733 547 2775 a
564 2711 785 2776 Palaestrione
803 2713 986 2795 excogitato
1006 2713 1195 2796 decipiatur.
1232 2713 1364 2778 Illorum
1387 2722 1516 2778 actuum

329 2815 494 2898 exemplar
529 2815 688 2880 Graecum
722 2815 848 2882 Alazon
886 2817 1014 2880 videtur
1043 2815 1142 2880 fuisse
1178 2817 1352 2881 secundum
1393 2818 1518 2901 prologi

326 2939 453 2984 versum
480 2925 537 2983 86:
568 2923 685 2983 Alazon
714 2924 831 2984 Graece
854 2926 926 2984 tate
950 2941 1057 2987 nomen
1082 2931 1127 2984 est
1154 2927 1338 2986 comoediae.
1374 2924 1518 3001 Quaera-

328 3017 398 3087 mus
418 3043 513 3099 nunc,
537 3027 628 3086 actus
641 3023 801 3087 secundus
818 3033 945 3106 quoque
962 3046 1037 3087 num
1054 3044 1093 3088 ex
1106 3025 1244 3088 Alazoue
1261 3024 1449 3108 desumptus
1467 3028 1518 3090 sit.

414 3129 430 3210 ᾖ
456 3132 483 3190 2.
523 3126 576 3189 De
599 3133 694 3190 actu
718 3126 912 3191 secundo.
949 3129 1064 3192 Actum
1081 3128 1255 3192 secundum
1274 3149 1313 3192 ex
1329 3130 1393 3192 alio
1410 3149 1514 3194 exem-

329 3230 413 3313 plari
443 3226 569 3294 Graeco
602 3237 700 3313 atque
734 3236 859 3294 ceteros
883 3233 985 3296 'actus
1017 3230 1149 3296 fluxisse
1181 3233 1305 3316 primus
1343 3232 1517 3298 Lorenzius

328 3334 362 3418 (l.
388 3355 413 3398 c.
436 3355 467 3417 p.
492 3336 629 3417 31sqq)
665 3334 888 3400 demonstrare
910 3335 1043 3413 studuit,
1073 3356 1166 3418 quern
1200 3335 1397 3400 Schmidtius
1433 3336 1465 3420 (l.
1490 3359 1516 3400 o.

328 3459 357 3521 p.
383 3441 443 3501 393
461 3440 552 3522 sqq),
584 3437 813 3521 Langenus1),
844 3437 908 3502 Leo
939 3438 971 3522 (l.
998 3460 1023 3502 c,
1049 3461 1078 3522 p.
1106 3441 1255 3525 lession)
1291 3440 1394 3503 secuti
1433 3446 1517 3504 sunt.

329 3543 355 3606 A
387 3541 548 3606 sententia
578 3540 693 3604 horum
716 3542 858 3605 virorum
882 3541 1049 3606 doctorum
1073 3543 1201 3625 Hesper
1223 3543 1255 3626 (l.
1273 3564 1298 3606 c.
1314 3564 1344 3626 p.
1372 3549 1406 3606 ll
1434 3545 1516 3628 sqq.)

330 3644 488 3722 dissentit,
514 3644 569 3727 qui
591 3643 733 3708 fabulam
751 3644 933 3709 Plautinum
959 3647 1105 3728 proxime
1128 3646 1169 3709 ad
1194 3645 1374 3726 Alauonem,
1398 3647 1515 3711 Graeci

329 3753 445 3832 poetae
468 3747 622 3825 fabulam,
643 3749 819 3812 accessisse
841 3756 944 3832 putet.
979 3750 1071 3814 Miles
1095 3749 1252 3831 gloriosus
1276 3751 1359 3814 enirn
1382 3752 1415 3814 in
1438 3750 1518 3815 duas

328 3904 389 3958 sich
413 3904 572 3978 moder-fiir
600 3904 672 3956 noch
699 3920 789 3974 gegcn
816 3903 1041 3958 Contamination
1069 3910 1221 3958 verwcrten
1248 3905 1352 3973 laescn,
1380 3907 1443 3959 dass
1468 3907 1517 3960 der

327 3991 436 4044 Perasit
460 3990 630 4058 Artotrogus
660 4008 713 4042 nur
746 3991 785 4044 als
818 3989 969 4056 πρόσωπον
997 3989 1167 4058 προτατικόν
1198 3991 1343 4045 erscheint.
1386 3991 1517 4046 Disselbe

330 4076 456 4146 Stellung
474 4076 523 4128 hat
542 4073 657 4128 Gremio
675 4077 703 4128 in
723 4077 772 4130 der·
790 4076 970 4145 Mostellaria,
989 4078 1124 4147 Thesprio
1142 4079 1180 4130 irn
1197 4077 1339 4147 Epidicus,
1366 4079 1422 4131 und
1446 4079 1517 4132 auch

329 4163 435 4218 Terens
454 4162 572 4215 erdflhet
592 4161 651 4215 drei
664 4163 766 4216 Stiiclre
786 4165 912 4230 (Andria,
931 4164 1070 4232 Phormio,
1091 4164 1213 4234 Hecyra)
1235 4165 1286 4217 mit
1305 4166 1381 4218 einer
1398 4182 1517 4234 persona

328 4249 482 4318 protatica:
501 4249 632 4318 nirgends
652 4251 718 4303 aber
736 4250 773 4302 ist
791 4251 835 4302 die
856 4250 1091 4321 Ausschliessung
1110 4252 1185 4304 einer
1205 4251 1320 4306 solchen
1340 4251 1445 4304 Person
1462 4269 1517 4304 von

330 4336 379 4390 der
396 4337 526 4390 weitcren
540 4329 755 4405 Mntwickelung
775 4337 821 4389 der
834 4335 986 4406 Handlung
1004 4354 1034 4390 so
1052 4337 1199 4407 geschiclrt
1212 4338 1362 4406 motiviert,
1380 4338 1519 4390 wisheim

328 4420 499 4490 Artotrogus
519 4422 594 4474 948.“

418 4510 441 4572 l)
460 4507 490 4560 P.
510 4505 672 4576 Langen:
694 4506 812 4561 Plautin.
831 4508 918 4572 saud,
936 4509 1009 4564 Berl.
1031 4512 1104 4578 1886,
1123 4528 1150 4578 p.
1163 4512 1213 4563 313
1227 4527 1285 4577 sqq.
