3390 5298
642 595 859 656 ...δεμὴ

475 764 609 831 δέδοικα
633 760 663 831 δ’
684 762 791 842 οὕτως
814 762 1007 850 λαμβάνειν·

317 869 352 936 ἐκ
375 878 433 954 τῆς
456 866 555 952 ὁ]δοῦ
574 867 638 954 γὰρ
661 865 864 952 ἇρποέοονθ’,
887 864 969 934 ὅταν
991 864 1097 952 τύχηι,

316 969 422 1057 κάγὼ]
445 970 631 1057 δικάσομαι,
654 971 815 1056 πράγμαθ
836 971 908 1051 ἔξω,
929 971 1101 1056 μα’ρτυρας
1121 1024 1127 1036 .
1150 1024 1156 1037 .
1181 1025 1187 1037 .

247 1074 404 1153 Quibuse
427 1074 534 1139 verbis
555 1075 757 1156 intellegitur
779 1073 920 1156 puellam
943 1075 975 1136 in
997 1079 1196 1156 potestatem
1218 1075 1351 1153 lenonis,

158 1180 216 1261 qui
247 1179 336 1242 illam
363 1178 563 1242 adulescenti
594 1178 729 1242 vendere
755 1179 788 1240 in
811 1179 918 1240 animo
940 1176 1057 1255 habet,
1087 1198 1150 1240 non
1172 1179 1258 1241 iusto
1281 1179 1351 1242 iure

156 1284 295 1346 venisse.
322 1283 371 1345 Ex
388 1282 525 1345 aliarum
540 1281 725 1346 fabularum
743 1282 942 1362 argumentis
966 1281 1158 1345 concludere
1180 1303 1352 1364 possumus

159 1386 305 1468 puellam
322 1387 421 1450 civem
439 1406 509 1449 esse
532 1391 564 1448 et
588 1384 828 1448 adulescentem
850 1383 940 1448 illam
963 1386 996 1448 in
1018 1391 1164 1448 extrema
1187 1385 1300 1449 fabula
1319 1387 1353 1448 in

159 1480 403 1553 matrimonium
427 1488 610 1553 ducturum.

245 1592 313 1656 Iam
359 1613 459 1675 supra
494 1591 713 1655 demonstravi
746 1594 789 1675 (p.
814 1593 869 1674 60)
904 1593 1083 1656 convivium
1123 1598 1198 1656 ante
1241 1591 1350 1656 oculos

162 1715 277 1759 eorum
301 1697 356 1778 qui
382 1701 620 1778 spectaverunt,
642 1695 704 1758 hac
719 1696 752 1757 in
766 1693 879 1758 fabula
898 1701 1121 1777 comparatum
1146 1716 1224 1761 esse.
1263 1696 1354 1759 Veri-

160 1799 267 1863 simile
290 1805 340 1864 est
360 1800 518 1882 imprimis
541 1798 602 1862 hoc
625 1798 695 1862 loco
717 1800 899 1881 parasitum
922 1819 1031 1863 omnes
1056 1806 1144 1863 artes
1166 1798 1355 1863 blandiendi

158 1907 191 1965 et
228 1903 384 1967 adulandi
419 1902 598 1966 ostendisse
632 1908 665 1966 et
697 1923 736 1965 ea
770 1901 870 1965 verba
899 1902 1024 1980 fecisse,
1054 1923 1138 1985 quae
1168 1903 1353 1968 Athenaeus

158 2006 187 2067 ll
211 2011 286 2084 434,
310 2007 329 2070 b
348 2028 365 2070 c
387 2008 561 2070 memoriae
584 2005 723 2070 tradidit
742 2005 796 2089 (ci.
820 2005 912 2069 Koch
935 2006 955 2070 l.
976 2028 1001 2070 c.
1025 2007 1070 2070 lll
1093 2029 1123 2088 p.
1142 2009 1211 2090 83);

377 2117 497 2177 ΒΙΑΣ.
520 2110 661 2189 κοτύλας
683 2118 818 2194 χωροῦν
839 2110 918 2177 δέκα

316 2214 353 2280 έν
377 2217 600 2304 Καππαδοκίᾳ
622 2213 727 2281 κόνδυ
749 2222 908 2296 χρυσοῦν,
932 2219 1118 2298 Στρουθία,

317 2319 388 2402 τρὶς
411 2318 539 2398 ἐξέπιον
558 2317 680 2402 μεστόν
703 2313 745 2401 γ’.
794 2323 863 2382 ΣΤ.
887 2313 1102 2402 Ἀλεξάνδρου
1124 2318 1227 2385 πλέον

318 2429 379 2487 τοῦ
400 2421 560 2506 βασιλέως
582 2421 744 2499 πέπωκας.
791 2426 826 2485 Β.
852 2416 914 2486 οὐκ
937 2421 1085 2500 ἔλαττον,
1109 2418 1160 2500 οὔ,

316 2523 361 2608 μὰ
383 2523 446 2609 τὴν
465 2521 617 2611 Ἀθηνᾶν.
664 2530 734 2589 ΣΤ.
757 2523 840 2608 μέγα
863 2549 909 2608 γε.
985 2557 987 2564 ’

252 2617 340 2691 Haec
356 2627 462 2692 habeo
485 2627 524 2692 de
546 2626 601 2691 illo
622 2627 814 2709 fragmenta
837 2647 921 2708 quae
945 2627 1059 2691 dicam.
1105 2627 1230 2692 Colacis
1254 2629 1354 2711 igitur

163 2731 296 2795 fabulae
318 2737 543 2813 argumentum
567 2731 629 2809 hoo
651 2730 721 2795 fuit.
769 2731 874 2807 Pater,
905 2739 942 2795 ut
961 2732 1079 2795 itinera
1102 2731 1234 2812 laceret,
1258 2732 1353 2797 domo

162 2834 313 2898 discessit
335 2840 368 2898 et
388 2833 490 2898 filium
522 2855 615 2898 suum
646 2855 744 2897 curae
772 2835 857 2897 servi
884 2835 1129 2898 commendavit.
1175 2840 1353 2918 Argentum

35 2971 37 3032 ᾗ
161 2957 228 3002 uon
261 2937 337 3015 filio,
373 2938 429 3001 sed
462 2938 741 3021 dispensatoribus
775 2937 1067 3002 administrandum
1102 2939 1247 3003 tradidit.
1296 2939 1354 3003 Ille

35 3039 37 3078 ⁵
163 3041 366 3118 adulescens,
391 3042 443 3104 cui
459 3062 574 3105 nomen
589 3041 720 3105 Phidias
737 3046 795 3120 est,
818 3047 905 3105 amat
919 3041 1061 3124 puellam
1077 3041 1250 3123 quandam,
1270 3063 1354 3124 quae

35 3137 36 3172 r
162 3145 195 3206 iu
226 3144 350 3208 lenonis
379 3151 542 3227 potestate
573 3148 632 3208 est.
677 3145 821 3209 Eandem
853 3144 994 3227 puellam
1028 3151 1117 3208 amat
1146 3145 1231 3223 Bias,
1262 3144 1354 3209 miles

164 3247 333 3328 gloriosus,
364 3249 419 3329 qui
451 3246 540 3311 illam
571 3254 705 3330 argento
735 3247 845 3312 obruit
874 3255 907 3311 et
938 3269 957 3310 a
987 3249 1101 3311 lenone
1132 3248 1291 3312 redimere
1321 3248 1354 3312 in

165 3352 273 3414 animo
289 3351 397 3415 habet.
436 3351 522 3414 Leno
540 3351 709 3430 deliberat,
726 3353 852 3415 cuinam
869 3356 1050 3414 amatorum
1067 3351 1208 3434 puellam
1225 3351 1353 3415 vendat.

165 3454 364 3519 Adulescens
387 3455 500 3518 fabula
523 3461 661 3519 exeunte
685 3454 851 3519 mulierem
874 3455 907 3517 in
929 3455 1169 3518 matrimonium
1194 3454 1291 3520 ducit.

254 3558 378 3636 Quibus
400 3559 588 3641 praemissis
603 3579 661 3622 nos
677 3558 885 3640 accingamus
903 3578 988 3621 nuno
1003 3557 1045 3622 ad
1061 3558 1203 3640 singulas
1219 3579 1354 3624 scaenas

164 3662 428 3743 perscrutandas,
451 3682 536 3743 quae
559 3683 575 3725 e
599 3660 714 3725 Colace
739 3661 888 3725 ridentur
910 3660 1051 3726 fluxisse.

252 3783 269 3866 ξ
293 3787 342 3846 26.
389 3781 556 3846 Parasitus
568 3783 698 3865 primus
717 3781 827 3865 prodit
844 3783 876 3845 in
900 3802 1018 3846 scaena
1039 3781 1107 3858 112,
1131 3782 1163 3844 in
1181 3801 1246 3863 qua
1263 3781 1356 3846 Pam·

164 3884 296 3968 philam,
320 3885 439 3949 donum
455 3885 575 3965 militis,
590 3884 633 3948 ad
649 3885 806 3950 Thaidem
824 3886 921 3949 ducit.
953 3884 1117 3965 Virginem
1133 3885 1166 3947 in
1182 3884 1352 3949 Menandri

166 4009 294 4070 quoque
320 3989 477 4052 Eunucho
506 3988 547 4052 ad
574 3990 777 4053 meretricem
804 3988 976 4051 deductam
1005 4007 1074 4050 esse
1102 4009 1202 4071 supra
1235 3988 1278 4072 (p.
1301 3990 1356 4072 58)
1393 3977 1396 3985 ⁴

166 4092 466 4156 demonstravimus.
500 4092 536 4155 ln
552 4091 608 4155 illa
624 4091 735 4156 fabula
754 4112 816 4154 nou
832 4092 1005 4174 parasitus,
1030 4091 1086 4154 sed
1110 4111 1221 4154 servus
1244 4091 1355 4154 militis

165 4195 237 4258 illas
267 4201 379 4278 partes
409 4197 484 4278 egit.
528 4197 644 4277 ltaque
674 4196 847 4278 suspiceris
880 4201 983 4258 totam
1013 4215 1164 4258 scaenam
1188 4215 1204 4257 e
1228 4194 1356 4258 Graeca

166 4298 279 4362 tabula
314 4298 454 4364 fluxisse.
504 4300 620 4364 Versus
656 4305 764 4362 autem
798 4303 911 4378 1--35,
944 4319 1016 4361 cum
1041 4297 1222 4361 Gnathonis
1255 4296 1356 4360 verba

166 4401 325 4483 nequead
340 4409 564 4484 argumentum
579 4402 836 4485 complicandum
850 4422 954 4483 neque
967 4401 1152 4465 solvendum
1170 4401 1355 4464 necessaria

169 4506 365 4584 contineant,
396 4527 413 4569 e
444 4505 559 4570 Colace
587 4512 727 4589 apoeta
749 4506 926 4578 translatos
949 4526 1018 4569 esse
1041 4525 1150 4568 omnes
1181 4505 1240 4569 viri
1268 4504 1357 4573 docti
