3390 5298
657 579 872 638 -35-

167 743 212 807 ad
245 766 373 811 versum
403 750 464 811 382
494 745 653 827 expositio
687 745 818 809 fabulae
850 766 889 809 ex
923 745 1100 828 exemplari
1131 747 1156 808 A
1188 744 1358 828 desumpta

165 849 327 931 sequitur,
352 848 391 913 de
413 870 479 932 qua
500 849 565 912 iam
587 869 686 931 supra
709 849 841 932 egimus.
1057 850 1059 856 ’

255 953 428 1017 Difficilius
450 958 500 1016 est
522 951 710 1031 diiudicata
734 953 785 1016 oui
809 952 985 1036 exemplari
1008 951 1081 1016 finis
1104 951 1200 1016 huius
1221 950 1358 1017 scaenae

163 1055 362 1121 tribuendus
391 1057 441 1120 sit.
494 1056 651 1121 Versibus
683 1057 767 1121 enim
799 1061 914 1138 385sq.
946 1055 1116 1120 Calidorus
1147 1077 1166 1120 a
1199 1057 1357 1121 Pseudolo

162 1160 260 1240 petit,
282 1165 319 1225 ut
341 1160 515 1226 satellitem
537 1161 697 1243 requirat:

163 1268 216 1326 Ad
238 1285 305 1328 eum
327 1249 391 1328 rem
414 1276 502 1338 usust
521 1270 668 1328 hominem
691 1276 823 1329 astutum
846 1271 975 1340 doctum,
1005 1275 1127 1328 cautum
1150 1275 1180 1329 et
1204 1270 1357 1341 collidunt,

166 1371 227 1442 Oui
250 1373 402 1446 imperatu
425 1371 546 1444 ecferto
568 1375 691 1445 reddat,
714 1391 773 1433 uon
798 1373 850 1447 qui
871 1373 1007 1448 uiptluus
1027 1373 1165 1432 dormiat.

253 1471 376 1551 Quibus
404 1471 511 1536 verbis
533 1492 645 1536 versus
668 1473 782 1557 390192
805 1492 950 1555 pugnare
972 1470 1139 1537 videntur:

306 1581 404 1639 Pauci
426 1582 679 1652 555111111551151
701 1577 800 1653 amici,
824 1579 936 1639 homini
959 1580 1011 1654 qui
1032 1580 1111 1638 certi
1131 1581 1212 1641 sieut
1233 1596 1316 1658 eqs.;

162 1700 242 1744 nam
260 1679 413 1763 epitheta,
438 1701 521 1762 quae
540 1701 652 1745 versus
669 1685 729 1745 385
747 1678 898 1758 55111551,
925 1684 1097 1758 „astutum
1119 1679 1259 1758 doctum,
1283 1699 1358 1744 cau-

163 1789 246 1863 tum,
271 1782 442 1848 callidum“
466 1784 596 1849 minime
619 1784 660 1849 ad
684 1785 822 1848 amioum
845 1784 1007 1867 pertinere
1029 1803 1134 1866 posse,
1164 1783 1359 1866 quicumque

162 1886 215 1950 vel
240 1908 363 1972 paucas
380 1886 487 1952 Plauti
510 1887 693 1952 comoedias
714 1887 899 1971 perlegerit,
922 1887 1027 1970 primo
1043 1886 1159 1951 obtutu
1176 1892 1356 1970 cognoscet.

161 1989 236 2054 Duo
268 1990 370 2072 igitur
401 1987 519 2054 diversi
549 1990 695 2055 homines
723 1991 773 2054 his
802 1990 949 2055 versibus
980 1989 1192 2055 definiuntur:
1226 1990 1357 2055 satelles

163 2099 304 2173 astutus,
328 2093 452 2172 doctus,
477 2099 601 2169 cautus,
623 2094 759 2160 callidus
783 2099 816 2158 et
838 2095 961 2159 amicus
985 2100 1101 2158 certus.

253 2198 289 2262 ln
311 2217 430 2261 scaena
459 2198 525 2262 114
549 2197 718 2263 Calidorus
747 2198 918 2276 hominem,
952 2219 1046 2281 quem
1074 2199 1108 2262 in
1129 2198 1193 2262 fine
1217 2219 1354 2263 scaenae

160 2299 174 2362 1
200 2304 220 2363 3
246 2320 413 2365 arcessere
441 2301 549 2365 iussus
572 2307 629 2381 est,
662 2301 795 2369 adducit
822 2308 854 2366 et
882 2302 967 2366 hanc
997 2322 1148 2366 scaenam
1179 2302 1356 2385 respiciens

162 2403 245 2467 dicit
268 2403 309 2490 (v.
333 2404 533 2488 697-693);

206 2513 379 2572 Pseudolus
399 2512 471 2571 51151
492 2513 536 2572 itu
560 2514 734 2587 imperauit,
758 2520 792 2572 ut
816 2515 946 2588 aliquem
968 2515 1116 2573 hominem
1138 2519 1303 2586 strenuom,

205 2613 442 2675 Bcucuolcntern
465 2617 651 2676 adducerem
676 2619 719 2676 od
739 2633 782 2676 se.
812 2612 884 2696 (Oh)
909 2617 1025 2677 Seruus
1048 2617 1208 2691 imperium
1226 2617 1344 2691 probe:

208 2720 287 2779 Nom
310 2725 339 2778 51
362 2720 490 2779 amicum
514 2726 543 2779 et
566 2720 792 2780 herreuolentem
817 2722 913 2780 dueta
1059 2783 1060 2786 ,

253 2819 340 2896 Quos
371 2818 460 2882 locos
489 2819 515 2884 si
545 2818 749 2896 conferimus,
784 2819 852 2883 sine
876 2819 943 2883 ulla
972 2818 1175 2883 dubitatione
1199 2807 1358 2884 Charinus

164 2925 205 3006 (v.
232 2919 416 3008 697-699)
439 2923 560 3006 optime
591 2943 662 2988 oum
689 2922 745 2987 illo
774 2928 863 2987 certo
888 2923 991 3014 amico
1016 2924 1056 3006 (v.
1080 2923 1262 3009 390-392)
1284 2944 1358 2988 con-

163 3027 261 3107 gruit.
316 3027 387 3104 Qua
417 3025 456 3089 de
488 3047 587 3090 eausa
616 3026 818 3109 hadewigius
831 3028 854 3111 1)
885 3047 997 3094 versus
1029 3030 1198 3090 384-386
1231 3027 1359 3109 spurios

163 3149 235 3193 esse
261 3130 426 3194 existimat
449 3135 675 3194 ratusmersus
700 3135 869 3196 390-392
894 3151 1021 3193 versum
1040 3134 1100 3194 383
1125 3135 1254 3194 secutos
1277 3151 1358 3210 esse,

165 3232 283 3297 deinde
311 3254 423 3298 versus
448 3238 627 3311 387-389,
661 3240 729 3298 tum
760 3254 872 3297 versus
903 3238 973 3298 393.
1020 3232 1231 3316 hadewigiua
1262 3220 1355 3315 quem

163 3335 294 3400 Rierma
317 3337 349 3422 (l.
367 3357 392 3400 c.
408 3358 439 3419 p.
460 3336 606 3421 112f115)
633 3343 763 3401 secutus
786 3341 844 3414 est,
868 3337 1062 3400 sententiam
1081 3357 1171 3399 susm
1192 3335 1243 3399 his
1259 3356 1356 3419 argu-

167 3441 283 3504 mentis
315 3439 506 3504 oonfirmare
536 3445 670 3504 conatus
693 3446 750 3504 est.
798 3441 932 3504 Versum
957 3445 1019 3504 384
1042 3440 1223 3503 imitatione
1245 3459 1358 3504 versus

168 3548 231 3608 586
249 3543 391 3608 effictum
410 3564 480 3606 esse
496 3547 529 3606 et
544 3563 656 3606 versus
672 3544 809 3621 3851386
827 3542 868 3606 51)
884 3542 1118 3626 interpolatore
1135 3542 1186 3606 vel
1200 3541 1358 3607 histrione

166 3647 307 3728 quodam
333 3669 349 3711 e
372 3647 519 3710 versibus
544 3647 679 3731 7251726
712 3669 782 3711 5555
815 3647 1019 3729 compositos.
1065 3647 1112 3710 Re
1137 3666 1215 3710 vera
1246 3667 1357 3724 versus

166 3755 227 3814 384
251 3771 346 3814 versu
371 3755 432 3815 586
457 3749 625 3832 repetitur,
657 3749 713 3814 sed
737 3749 791 3813 ille
821 3749 911 3813 locus
935 3755 985 3813 tot
1013 3749 1320 3832 interpolationibus
1331 3750 1357 3836 2)

164 3853 300 3916 obrutus
325 3860 382 3930 551,
408 3859 445 3916 ut
461 3873 500 3916 ex
523 3851 579 3916 illo
603 3859 793 3936 argumento
816 3852 896 3916 nihil
917 3852 1064 3916 concludi
1087 3853 1199 3935 possit.
1236 3853 1357 3918 Versus
1472 3903 1476 3909 .

166 3957 304 4042 3851386
335 3962 444 4020 autem
475 3955 621 4020 versibus
649 3957 786 4041 7251726
819 3978 881 4020 non
914 3957 961 4019 ita
992 3955 1111 4019 similes
1142 3963 1225 4035 sunt,
1258 3962 1295 4021 ut
1318 3978 1357 4020 ex

162 4059 226 4124 illis
259 4061 456 4142 compositos
490 4080 560 4124 esse
596 4059 750 4124 dicemus.
808 4059 909 4124 Aliter
933 4058 1142 4144 horenziusss)
1171 4064 1203 4122 et
1232 4060 1356 4145 Lange·

251 4233 277 4298 1)
295 4231 346 4285 Th.
365 4230 555 4301 Ladewig:
579 4231 767 4285 Plautinische
787 4231 913 4300 Studien,
933 4230 1096 4299 Philologus
1115 4229 1205 4284 XVII
1223 4250 1249 4300 p.
1262 4234 1321 4285 457.

248 4320 275 4382 2)
296 4318 336 4372 Of.
357 4317 553 4372 1111115511
573 4318 696 4386 opuscul.
717 4317 749 4370 ΙΙ
768 4320 919 4387 5279511,
941 4319 991 4370 768
1005 4335 1044 4384 sq.

247 4406 275 4471 3)
294 4403 455 4457 Lorenz:
476 4403 545 4457 Zum
567 4403 720 4458 Pseudolus
738 4405 786 4458 des
805 4403 927 4471 Plautus,
950 4401 1112 4471 Philologus
1124 4401 1236 4456 XXXV
1255 4422 1281 4472 p.
1293 4407 1354 4458 170:

166 4490 217 4558 „Ja
236 4490 285 4542 das
311 4491 348 4543 151
373 4492 444 4544 eben
471 4492 547 4544 einer
572 4509 625 4545 von
645 4491 728 4558 jenen
749 4489 993 4558 Widersprtichen,
1022 4489 1065 4540 die
1087 4507 1149 4540 man
1168 4490 1213 4543 bei
1233 4489 1355 4558 Plautus,

1114 4576 1147 4627 3*
