3390 5298
681 563 895 626 ..25-

192 731 335 796 militum
362 732 395 796 in
410 726 537 796 ¹sabula
560 732 787 816 prodeuntium
810 732 979 816 depravati
998 737 1081 796 sunt.
1126 731 1249 795 Deinde
1272 730 1383 796 militis

192 842 309 917 partes
340 838 388 901 ita
419 837 534 903 Plauto
565 837 801 902 convertendae
823 835 969 914 fuissent,
999 841 1037 900 ut
1059 835 1150 900 miles
1174 833 1385 900 Carchedonii

192 939 291 1005 valde
308 961 329 1004 a
343 941 445 1006 milite
462 941 594 1006 Poenuli
618 940 817 1007 abhorreret.
854 939 1062 1006 Franckenus
1088 939 1129 1004 ad
1151 939 1235 1002 hanc
1257 944 1384 1003 senten·
1501 1031 1503 1035 ,

191 1044 276 1108 tiam
298 1046 454 1127 pervenit,
485 1045 570 1128 quod
593 1051 795 1128 spectatores
817 1044 932 1109 fabula
953 1050 1090 1109 exeunte
1111 1044 1227 1107 incerti
1249 1043 1385 1106 haerent

191 1148 387 1214 Anterastili
417 1148 494 1231 quid
517 1149 584 1214 fiat.
630 1149 694 1214 Sed
714 1151 747 1214 in
769 1148 939 1214 Menandri
961 1147 1084 1212 Andria
1106 1167 1234 1230 quoque
1258 1150 1384 1229 specta-

192 1251 324 1316 toribus
353 1253 499 1334 ignotum
523 1259 589 1332 est,
624 1252 701 1336 quid
722 1252 930 1320 Philumenae
953 1252 1020 1316 fiat.
1064 1251 1234 1316 Terentius
1257 1249 1385 1314 demum

192 1354 372 1420 Charinum
387 1355 607 1420 Philumenam
625 1356 688 1422 sibi
709 1356 962 1440 despondentem
987 1355 1027 1419 ad
1044 1355 1213 1420 Menandri
1229 1353 1384 1417 Andriam

193 1458 332 1534 addidit.
383 1459 584 1543 Quamquam
622 1460 803 1526 Franckeni
842 1462 1036 1525 sententiam
1072 1458 1239 1542 improbo,
1276 1463 1386 1521 tamen

192 1561 392 1628 Karstenum
426 1563 459 1648 (l.
484 1565 732 1648 0113733374)
771 1565 900 1628 minime
933 1585 1061 1646 sequar,
1095 1564 1150 1646 qui
1185 1560 1384 1644 argumentis

191 1665 376 1730 Franckeni
406 1665 557 1732 refutatis
589 1669 724 1733 militem
750 1670 782 1734 in
806 1667 1027 1732 Carchedonia
1049 1667 1155 1731 locum
1178 1664 1299 1730 habere
1321 1684 1385 1727 nou

190 1770 339 1851 potuisse
354 1775 458 1853 putat.
494 1771 546 1836 Me
562 1772 692 1854 quidem
714 1772 819 1838 iudice
842 1772 933 1836 miles
956 1772 989 1836 in
1008 1769 1230 1836 Carchedonia
1253 1767 1383 1832 easdem

191 1878 307 1954 partes
331 1875 397 1956 egit
420 1879 517 1958 atque
539 1876 572 1939 in
594 1876 704 1940 multis
727 1875 798 1940 aliis
821 1874 950 1952 fabulis,
972 1881 1010 1940 113
1037 1871 1383 1939 rerumsecundarum

192 1975 333 2040 aliarum
355 1997 567 2060 personarum
590 1981 755 2063 particeps
777 2000 841 2044 non
863 1978 965 2043 fieret.

283 2081 372 2158 Quae
403 2102 475 2146 cum
497 2083 545 2146 ita
568 2085 647 2161 sint,
680 2083 813 2148 Plautus
837 2082 1014 2147 Poenulum
1035 2084 1084 2146 ita
1104 2081 1232 2146 videtur
1255 2099 1383 2162 compc-

191 2185 307 2262 suisse‚
330 2190 368 2249 ut
393 2191 485 2250 actus
507 2185 522 2250 I
545 2193 577 2251 et
598 2187 644 2251 ΙΙΙ
665 2209 682 2250 0
703 2187 816 2252 fabula
838 2206 997 2271 anonyma
1017 2186 1196 2268 (B)‚'actus
1219 2184 1258 2261 ΙΙ,
1280 2183 1333 2260 IV,
1358 2182 1385 2246 V

192 2307 210 2350 e
236 2287 458 2353 Carchedonia
482 2290 536 2376 (A)
559 2290 720 2374 desumpti
743 2293 814 2356 sint.
918 2361 922 2369 ,

283 2411 351 2493 §a
396 2410 520 2489 Restat,
560 2417 595 2475 ut
623 2411 670 2474 de
708 2412 921 2477 nonnullis
951 2413 1057 2476 locis
1095 2431 1246 2492 agamus,
1283 2429 1383 2491 quos

192 2512 374 2578 Plautus
402 2513 448 2576 ad
476 2505 646 2578 fabulas
679 2516 998 2598 coniungendas
1029 2516 1076 2578 de
1106 2534 1176 2578 suo
1206 2512 1385 2576 videtur

113 2696 121 2706 μ
193 2615 425 2688 addidisse.
471 2618 508 2682 In
540 2623 631 2682 actus
653 2620 742 2683 tertii
765 2641 884 2688 scaena
906 2621 1005 2684 tertia
1028 2620 1112 2704 Lyco
1136 2639 1153 2683 c
1175 2617 1269 2682 domo
1293 2635 1384 2698 egre-

192 2718 284 2783 ditur
302 2719 383 2784 haee
406 2720 506 2786 verba
529 2721 650 2786 faciens
674 2726 714 2806 (v.
733 2726 901 2807 6152'618):

370 2829 435 2889 Iam
459 2830 535 2889 istoc
557 2845 612 2904 epo
635 2836 791 2903 reuertar,
814 2832 916 2892 miles:
940 2833 1089 2891 conuiuas
1110 2833 1179 2890 uolo

372 2929 524 3007 Reperire
546 2933 632 2994 uobis
654 2936 835 3007 commodas,
859 2936 910 3010 qui
932 2953 995 2996 uua
1017 2935 1106 2995 sient.

372 3035 502 3097 Interihi
523 3039 683 3097 attulerint
706 3044 789 3110 exta,
813 3045 905 3113 atque
928 3041 1033 3099 eadem
1054 3041 1197 3100 mulieres

370 3137 436 3199 Iam
458 3139 496 3200 ab
518 3157 554 3200 re
577 3141 694 3213 diuina,
719 3144 822 3214 crudo,
846 3143 1042 3217 apparebunt
1065 3144 1152 3204 dacii.

281 3237 367 3314 Quos
399 3259 511 3303 versus
542 3245 651 3305 actum
681 3241 856 3306 secundum
886 3242 1095 3324 respicientes
1126 3249 1224 3325 poeta
1253 3242 1293 3306 de
1324 3253 1382 3307 suo

191 3340 321 3405 videtur
344 3340 502 3422 attulisse,
523 3348 562 3407 ut
581 3343 642 3408 hoo
662 3344 757 3408 modo
774 3352 881 3409 actum
898 3345 1073 3410 secundum
1090 3369 1161 3411 cum
1185 3352 1260 3414 artu
1282 3347 1381 3411 tertio

194 3444 404 3526 coniungeret
426 3451 459 3510 et
481 3445 691 3512 difficultates
714 3439 986 3515 contaminatione
1010 3456 1101 3514 ortas
1124 3451 1289 3514 eximeret.

281 3547 384 3613 Simili
413 3549 508 3612 modo
537 3549 673 3616 Plautus
707 3573 857 3617 scaenam
889 3553 1112 3618 brevissimam
1142 3553 1187 3618 IV
1190 3542 1225 3616 Ἰ1
1258 3553 1297 3617 de
1323 3574 1381 3617 suo

193 3651 348 3730 adiunxit,
371 3673 455 3735 quae
479 3659 587 3718 actum
603 3657 736 3721 tertium
757 3657 890 3739 respicit
906 3659 1085 3742 (Exspecta,
1103 3679 1161 3736 qua
1178 3665 1273 3736 pacta
1297 3678 1382 3721 meae

193 3761 333 3820 techinae
357 3776 566 3834 processurae
596 3759 689 3838 sieut)
719 3765 751 3822 et
781 3781 932 3824 scaenam
962 3767 1150 3844 sequentem
1173 3761 1257 3826 tva
1288 3781 1382 3843 prae·

191 3864 288 3940 parat
310 3860 416 3942 (attat,
440 3881 456 3923 0
478 3862 555 3934 sarto
576 3868 719 3941 recipere
738 3869 829 3926 uideo
850 3885 885 3928 se
908 3865 1147 3950 Syncerastum).

278 3963 456 4026 Praeterea
487 3963 613 4029 duobus
640 3965 719 4029 locis
752 3971 843 4030 actus
873 3969 982 4048 quarti
1016 3967 1081 4032 doli
1111 3967 1327 4050 aMilphione
1349 3969 1382 4031 in

192 4071 267 4129 actu
290 4067 388 4131 tertio
412 4069 588 4150 excogitati
610 4070 695 4132 ratio
719 4068 859 4134 habetur
881 4076 913 4134 et
934 4071 965 4133 in
988 4070 1134 4136 versibus
1158 4072 1311 4153 9081909ῑ

292 4175 369 4246 Ouia
387 4176 482 4250 prius
506 4176 669 4250 disperibit
690 4174 779 4248 saxo,
805 4195 894 4252 quam
917 4195 1008 4238 uriam
1031 4181 1144 4238 calcem
1165 4180 1294 4239 alaerit:

169 4265 175 4272 ’
284 4277 334 4337 Ita
350 4285 528 4352 paratumst

190 4377 274 4442 etin
297 4398 393 4442 versu
416 4383 494 4442 919:

245 4483 360 4556 Satine,
378 4485 472 4559 prius
495 4502 584 4561 quam
607 4495 728 4546 unumst
751 4489 893 4548 iniectum
916 4491 1015 4560 telum,
1040 4490 1099 4549 iam
1121 4490 1216 4554 instat
1231 4495 1382 4557 alterum?
